2734 4250
103 148 126 179 ι,
140 135 192 180 car.
205 138 245 182 stc
464 118 560 173 LIBER
577 118 718 186 11111118.
736 122 770 174 tt
1137 120 1176 178 57

102 292 146 353 dit
166 309 294 371 eumque
319 291 406 355 docet
433 310 498 353 rent
519 291 585 353 sine
606 291 696 353 medo
718 309 752 353 ac
775 292 916 354 modestia
938 294 1000 371 ogi,
1030 311 1064 353 ac
1086 311 1179 373 prope
1201 303 1229 356 11

103 396 180 451 esse,
201 386 235 439 ut
256 395 362 439 manus
383 377 463 439 inter
476 396 508 439 se
526 377 698 457 conferant5
722 386 854 439 ceterum
877 378 964 439 etiem
986 377 1012 439 si
1034 378 1080 440 uis
1093 378 1178 458 spsit,

103 462 198 525 nihilo
219 462 319 527 minus
340 462 503 525 detestabili
525 462 661 540 exemplo
683 479 747 523 rem
777 463 839 542 agi,
870 462 980 543 qnippe
1002 461 1053 525 ubi
1075 464 1178 525 lruude

102 566 138 609 ac
171 547 303 626 periurio
337 548 428 610 decus
460 556 580 628 petetur
611 547 739 609 uirtutis.
784 556 863 609 stare
899 548 968 609 hinc
1001 548 1179 627 legionarios
1202 561 1231 612 12

65 646 81 695 5
101 633 228 706 milites,
257 633 328 695 hine
350 633 503 707 classicos,
533 650 588 712 per
609 632 706 693 omnis
728 634 800 695 deos
822 640 940 713 puratos
962 633 1060 695 iurare
1086 635 1177 713 magis

103 735 180 797 quoe
202 718 307 791 uelint,
330 736 418 797 quam
442 736 518 798 quae
539 717 634 779 sciam
656 735 727 779 uera
750 735 825 792 esse,
848 728 878 780 et
899 718 1086 797 opstringere
1109 738 1177 799 per·

100 804 180 864 iurio
210 822 271 865 non
302 820 336 865 se
362 803 459 866 solum
486 820 634 881 suumque
662 813 753 883 caput
780 803 832 866 scd
860 803 944 883 signa
978 804 1113 867 militaria
1148 813 1177 865 et

101 888 215 967 aquilas
244 889 481 968 sacramentique
510 887 694 965 religionem.
731 888 804 949 hoec
832 907 864 949 se
894 889 928 950 ad
960 907 1028 949 eum
1050 890 1087 951 de
1109 908 1177 951 sen·
1201 898 1228 951 ts

102 974 195 1035 tentia
211 973 244 1035 P.
260 972 389 1035 Cornelii
412 984 443 1035 et
463 974 501 1035 11.
518 972 687 1053 Sempronii
710 974 835 1034 deferre
880 973 979 1054 Scipio
1001 974 1175 1037 conlaudato

49 1070 79 1121 10
100 1058 202 1121 Laelio
223 1059 260 1119 ad
282 1058 455 1121 contionem
476 1058 633 1120 aduocauit
654 1058 920 1137 pronuntiauitque
942 1077 974 1121 se
1002 1060 1073 1121 satis
1094 1078 1175 1121 com·

101 1151 223 1222 pertum
235 1142 346 1206 habere
361 1144 397 1216 Q.
407 1143 581 1205 Tiberilium
596 1152 628 1205 st
641 1142 709 1204 Sex.
725 1143 865 1223 Digitium
879 1143 990 1223 pariter
1010 1144 1042 1207 in
1057 1162 1175 1207 murum

101 1230 285 1302 escendisse,
311 1246 403 1307 seque
424 1248 477 1292 eos
497 1228 600 1291 ambos
621 1228 741 1290 uirtutis
762 1247 849 1291 eausa
872 1228 992 1291 coronis
1013 1229 1177 1291 muralibus

101 1314 223 1377 donare.
261 1322 324 1375 tum
338 1314 480 1395 reliquos,
502 1322 592 1394 prout
605 1313 750 1391 cuiusque
770 1313 909 1375 meritum
929 1314 1084 1393 uirtusque
1105 1324 1176 1385 erut,
1200 1319 1228 1370 14

100 1399 239 1474 donauit;
267 1408 337 1461 ante
363 1401 463 1464 omnis
489 1399 521 1461 (L
543 1399 674 1462 laelium
703 1399 885 1480 praelectum
914 1399 1015 1461 classis
1044 1408 1074 1461 et
1095 1401 1177 1461 omni

51 1494 80 1546 to
99 1502 212 1563 genere
226 1484 322 1547 leudis
339 1485 535 1564 sibimetipse
549 1484 688 1565 aequauit
710 1493 740 1547 et
761 1502 873 1550 cerens
894 1502 983 1547 auree
1006 1504 1040 1547 ac
1055 1486 1177 1564 triginta

5 1607 6 1682 l
101 1568 406 1736 tuhmpplnzppdae
427 1655 592 1717 ciuitatium
613 1653 772 1733 Hispaniae
794 1654 894 1716 uocari
919 1654 1018 1728 iussit;
1045 1670 1173 1733 quorum
1191 1658 1229 1714 42

102 1750 233 1818 quantus
247 1758 390 1803 numerus
404 1740 502 1814 lussit,
517 1740 599 1821 piget
611 1739 752 1815 scribere,
768 1740 878 1820 quippe
893 1758 962 1801 cum
978 1738 1046 1801 elibi
1057 1750 1175 1801 trecen·

102 1834 148 1889 tos
170 1827 274 1899 ferme,
300 1825 368 1889 olibi
389 1826 447 1887 tria
468 1825 547 1887 milia
568 1824 775 1905 septingentos
797 1824 901 1903 uiginti
924 1832 1064 1904 quattuor
1086 1825 1176 1887 luisse

51 1920 80 1971 tt
99 1911 263 1974 inueniam.
308 1928 401 1990 oeque
431 1919 461 1972 et
488 1910 544 1972 alia
572 1911 652 1973 inter
678 1920 814 1972 auctores
843 1909 1021 1991 discrepant
1065 1910 1175 1989 praesi-
1198 1918 1213 1967 2

101 1997 182 2059 dum
198 1996 343 2059 Punicum
358 1996 433 2059 alius
446 1995 559 2068 decem,
580 1995 655 2058 alius
668 2004 793 2075 septem,
814 1994 888 2057 alius
905 1995 981 2057 haud
1005 1995 1072 2075 plus
1087 2012 1174 2073 quum

101 2082 194 2146 duum
215 2081 329 2144 milium
350 2081 443 2144 luisse
463 2080 575 2144 scribit.
614 2090 698 2162 capta
720 2080 789 2142 alibi
811 2079 913 2142 decem
936 2080 1014 2142 milia
1036 2082 1174 2160 capitum,

101 2167 172 2230 olibi
200 2185 291 2248 supra
318 2168 452 2247 quinque
481 2176 512 2229 et
537 2167 645 2246 uiginti
672 2167 806 2229 inuenio.
850 2165 1025 2246 scorpiones
1049 2167 1176 2226 maiores
1198 2173 1213 2223 3

102 2254 293 2332 minoresque
314 2252 352 2314 ad
372 2253 524 2330 sexaginta
545 2262 649 2332 captes
669 2250 850 2331 scripserim,
872 2251 897 2312 si
917 2260 1069 2312 auctorem
1085 2250 1175 2312 Grae·

53 2348 81 2400 ts
101 2356 171 2400 eum
188 2355 298 2418 sequnr
312 2337 463 2411 Silenum
485 2337 510 2399 si
532 2337 680 2399 Valerium
695 2336 853 2408 Antiatem,
876 2335 1020 2398 maiorum
1043 2335 1175 2414 scorpio-

100 2442 175 2486 num
203 2441 256 2488 sex
282 2423 378 2496 milia,
403 2423 554 2486 minorum
582 2422 685 2484 decem
714 2430 745 2482 et
771 2420 826 2484 tric
854 2420 947 2482 milia:
976 2417 1049 2482 adeo
1078 2419 1177 2480 nullus

101 2508 265 2572 mentiendi
287 2508 394 2570 modus
415 2517 469 2570 est
511 2526 552 2570 ne
566 2509 603 2570 de
617 2506 743 2569 ducibus
758 2506 878 2585 quidem
893 2505 1044 2566 conuenit.
1087 2503 1212 2585 pleri-t

101 2612 162 2673 que
182 2593 317 2656 Laelium
344 2593 506 2673 praefuisse
534 2593 635 2666 classi,
663 2601 736 2654 sunt
763 2589 874 2671 quill.
897 2590 1015 2652 lunium
1043 2589 1175 2652 Silanum

100 2679 218 2753 dieent3
233 2678 346 2740 Arinen
362 2678 525 2758 praeluisse
540 2678 654 2740 Punico
669 2676 817 2757 praesidio
831 2675 1022 2755 deditumque
1036 2675 1177 2738 Romanis
1198 2683 1213 2732 5

4 2764 5 2815 l
50 2773 80 2824 tt
100 2765 207 2826 Antias
221 2763 363 2836 Valerius,
385 2762 543 2843 Magonem
562 2763 612 2825 alii
633 2763 795 2842 scriptores
815 2761 945 2824 tradunt.
984 2780 1045 2824 non
1068 2761 1104 2823 de
1120 2779 1176 2822 nu·
1198 2768 1213 2817 6

101 2866 185 2912 mero
208 2847 331 2910 numum
352 2857 521 2928 captarum,
548 2867 611 2910 non
638 2848 676 2910 de
705 2847 838 2927 pondere
866 2846 931 2908 ouri
952 2855 1040 2926 atque
1061 2846 1175 2926 argenti

101 2944 132 2996 et
158 2934 297 2997 redactae
324 2934 468 3013 pecuniae
496 2933 649 2996 conuenit.
693 2933 718 2994 si
748 2932 854 3012 aliquis
882 2932 1022 2994 adsentiri
1056 2950 1176 2994 neeesse

101 3028 162 3092 est,
190 3019 288 3082 medio
315 3018 461 3082 simillima
489 3018 569 3082 ueris
596 3027 676 3080 sunt
721 3028 852 3080 cetsrrrm
880 3017 993 3078 uocatis
1026 3015 1178 3080 obsidibus
1200 3022 1214 3071 ⁷

102 3104 233 3183 primum
255 3104 414 3168 uniuersos
435 3103 548 3166 bonum
563 3103 697 3166 animum
712 3101 822 3166 habere
844 3102 943 3166 iussit:
966 3102 1084 3164 uenisse
1099 3102 1177 3164 enim
1199 3105 1214 3155 8

172 3255 189 3306 2
207 3252 340 3308 conferant
356 3254 380 3305 P
400 3257 538 3308 senseram
554 3253 592 3304 ὲ*
604 3251 642 3320 15
661 3255 765 3320 paratos
781 3251 819 3302 Σ*
841 3255 977 3318 sppsrstcs
997 3251 1066 3316 ΡΙΙΒ
1084 3265 1113 3304 se
1131 3251 1177 3312 2³,

102 3337 153 3374 om.
173 3321 216 3389 ΡΙ
232 3325 262 3375 lt)
279 3322 417 3375 aduocauit
440 3323 463 3374 Ρ
483 3322 587 3376 domuit
604 3319 733 3388 2¹lcem
753 3327 835 3374 ertum
860 3319 955 3372 habere
980 3319 1002 3370 P
1023 3319 1178 3385 comperisse

102 3392 164 3470 ΣΙ
178 3393 207 3444 11
228 3405 278 3457 que
297 3390 435 3470 desidium
451 3391 476 3442 P
485 3406 516 3472 uq.
528 3387 724 3470 trelssllipmf’l¹
735 3336 751 3455 F
763 3390 792 3442 12
806 3387 895 3468 ambos
908 3386 953 3449 ff,
972 3401 1021 3439 om.
1034 3385 1076 3452 ΡΙΙ
1090 3388 1121 3441 13
1135 3401 1177 3438 cu-

103 3457 403 3594 1332331131
410 3458 582 3580 tussit
580 3457 617 3576 l
631 3460 722 3591 ltu
734 3457 828 3578 ltu
841 3453 1097 3589 1111111133
1105 3454 1178 3576 tit

105 3593 146 3662 ΡΙ
157 3596 191 3648 23
208 3593 314 3646 inuenio
332 3594 371 3644 2¹
387 3595 504 3647 inuenies
521 3595 543 3644 P
581 3595 616 3647 21
632 3606 736 3660 grecum
755 3592 842 3658 Ρ1125
860 3591 984 3643 meierum
1002 3607 1038 3642 sc·
1055 3561 1176 3646 malcrum

103 3663 227 3718 antistem
250 3677 292 3714 nas
310 3662 363 3728 1¹¹!
377 3663 411 3716 23
427 3662 508 3716 millia
525 3662 549 3712 Ρ
580 3678 604 3713 x·
623 3668 650 3714 et
667 3661 714 3712 trie
734 3658 773 3710 Σ1
790 3660 877 3712 decem
894 3663 898 3723 Ι
914 3660 962 3712 tria
980 3659 1022 3726 ΡΙ
1034 3660 1114 3712 millia
1132 3661 1178 3725 Ρ1

103 3733 134 3784 31
158 3745 256 3799 ponere
274 3730 297 3782 Ρ
307 3731 317 3797 Ι
329 3731 362 3783 32
380 3729 497 3784 redactae
519 3731 642 3798 pecuniae
659 3729 684 3780 Ρ
702 3727 805 3781 redacta
823 3727 930 3796 pecunie
949 3727 1007 3796 211
1022 3730 1054 3782 33
1072 3729 1140 3780 neris
1158 3737 1178 3792 ς

104 3799 205 3852 ueneris
223 3797 316 3851 Pueri
334 3798 371 3849 Σ·
384 3799 394 3866 lt
406 3800 441 3852 34
458 3799 574 3851 uenisses
591 3798 633 3862 ΡΙ,
650 3811 721 3850 corr.
740 3795 773 3848 ΡΞ
784 3795 795 3865 Ι
807 3796 876 3850 enim
893 3795 941 3860 2³,
959 3812 1009 3848 cns.
1028 3796 1052 3847 Ρ
