2734 4250
239 86 278 148 18
619 85 714 141 ussa
731 86 820 152 xxvi,
840 92 879 143 rs.
898 91 931 143 ra
1167 118 1234 151 ..1.
1253 118 1278 151 0.
1294 78 1335 153 ns?

200 275 217 325 6
238 283 270 326 re
284 262 321 325 ab
337 263 429 324 Roma
446 269 680 341 expectaturum,
704 260 837 334 Fuluius,
860 280 899 323 ne
914 262 943 323 id
959 262 1054 343 ipsum
1071 263 1333 343 impedimentum

164 403 166 406 .
238 350 358 429 incepto
381 348 467 421 toret,
490 346 642 409 dimittens
664 348 846 427 praetorium
872 347 1000 410 tribunis
1021 348 1146 410 militum
1169 367 1208 410 ac
1234 365 1336 429 prae-³

238 436 323 497 lectis
344 433 458 496 socium
480 432 652 512 imperauit,
682 433 725 495 uti
752 432 869 495 duobus
895 432 1014 495 milibus
1036 434 1169 514 equitum
1192 434 1331 495 delectis

201 530 215 580 7
237 520 459 587 denuntiarent,
481 527 514 579 ut
536 518 572 579 ad
594 518 710 579 tertiam
732 517 871 579 bucinam
890 526 1009 598 praesto
1024 528 1134 581 esseut.
1171 537 1247 580 eum
1267 519 1329 580 boc

237 606 370 687 equitatu
392 610 481 665 necte
502 601 635 666 Teanum
657 603 810 683 proiectus
839 602 934 683 prima
960 601 1026 664 luce
1052 612 1167 684 portam
1191 604 1328 665 intrauit

237 699 327 770 atque
354 690 385 750 in
415 689 513 749 lorum
542 688 688 767 perrexit;
717 705 925 767 concursuque
953 686 990 749 ad
1018 688 1147 769 primum
1178 690 1337 769 equitum

237 776 404 855 ingressum
425 774 503 834 facto
525 772 727 851 magistratum
743 772 906 835 Sidicinum
929 772 1014 834 citari
1034 774 1120 835 iussit
1140 774 1326 853 imperauit-

199 867 215 919 8
237 879 304 940 que,
326 868 361 919 ut
382 857 561 938 produceret
576 857 752 937 (11111111,
774 876 850 938 quos
872 858 903 919 iu
926 859 1058 920 custodia
1074 858 1206 920 haberet.
1247 876 1326 939 pro·

237 945 317 1007 ducti
341 959 446 1005 omues
466 942 619 1022 uirgisque
646 944 724 1005 caesi
751 960 785 1004 ac
813 944 910 1004 securi
939 944 1082 1023 perclusi.
1127 943 1197 1005 inde
1227 945 1324 1005 citato

238 1048 316 1110 equo
328 1028 411 1091 Cales
422 1028 583 1108 percurrit:
602 1027 655 1089 ubi
669 1046 738 1090 cum
753 1028 783 1090 in
800 1028 940 1090 tribunali
955 1029 1148 1101 consedisset,
1159 1030 1338 1109 producti·¹

238 1134 297 1196 que
312 1113 453 1194 Campani
467 1111 670 1191 deligarentur
689 1114 725 1175 ad
740 1112 850 1193 palum,
872 1130 964 1193 eques
977 1114 1054 1175 citus
1068 1112 1105 1174 ab
1121 1114 1216 1175 lloma
1234 1116 1323 1175 uenit

237 1201 409 1278 litterasque
424 1216 440 1259 a
455 1197 487 1259 C.
503 1196 664 1278 Calpurnio
679 1208 817 1278 praetore
832 1198 937 1260 Fuluio
953 1207 985 1261 et
999 1206 1120 1261 senatus
1142 1200 1320 1261 consultum

199 1296 215 1347 9
235 1285 332 1347 tradit.
367 1301 502 1345 murmur
520 1282 557 1343 ab
579 1282 721 1345 tribunali
743 1292 834 1345 totam
849 1283 1021 1345 contionem
1036 1283 1177 1364 peruasit,
1200 1284 1320 1346 dillerri

238 1389 300 1433 rem
324 1371 468 1449 integram
490 1368 527 1429 ad
549 1378 648 1449 patres
669 1369 706 1431 de
728 1368 894 1449 Campanis.
938 1375 968 1431 et
989 1368 1113 1430 Fuluius
1134 1369 1162 1430 id
1186 1370 1227 1430 ita
1251 1388 1320 1431 esse

238 1465 321 1517 ratus
342 1461 477 1533 acceptas
499 1452 612 1515 litteras
633 1472 732 1532 neque
759 1453 905 1515 resolutas
933 1471 1001 1515 cum
1030 1454 1060 1515 iu
1084 1454 1199 1532 gremio
1224 1468 1339 1535 repo-J

237 1541 356 1612 suisset,
377 1537 518 1619 praeconi
534 1537 700 1619 imperauit,
722 1548 757 1600 ut
769 1539 903 1601 lictorem
922 1538 986 1619 lege
1001 1557 1088 1619 agere
1110 1538 1238 1601 iuberet
1277 1541 1317 1601 ita

186 1634 216 1686 11
237 1626 274 1687 de
296 1625 332 1686 iis
353 1641 482 1703 quoque,
504 1624 557 1703 qui
579 1623 698 1686 Calibus
720 1632 815 1695 erant,
837 1632 988 1704 sumptum
1015 1623 1204 1705 supplicium.
1250 1633 1315 1687 tum

238 1710 353 1772 litterae
379 1708 472 1769 lectae
494 1717 674 1788 senatusque
702 1709 871 1770 consultum
900 1726 999 1770 serum
1029 1709 1064 1769 ad
1093 1708 1314 1789 impediendam

237 1802 431 1868 remantem,
459 1810 536 1872 quae
557 1811 672 1855 summa
699 1812 756 1874 ope
777 1792 971 1873 adproperata
1000 1802 1077 1867 erat,
1107 1812 1145 1855 ne
1175 1795 1313 1873 impediri

187 1889 214 1941 11
237 1889 346 1961 posset.
379 1887 610 1957 consurgentem
624 1878 683 1939 iam
698 1878 834 1941 Fuluium
850 1877 965 1941 Taurea
979 1877 1120 1941 Vibellius
1135 1878 1311 1959 Campanus,
1332 1886 1340 1939 1

237 1982 292 2045 per
313 1964 438 2026 mediam
453 1964 565 2025 uadens
584 1964 712 2037 turbam,
735 1964 856 2025 nomino
878 1964 1048 2027 inclamauit
1069 1973 1107 2035 et,
1130 1982 1198 2025 oum
1222 1966 1309 2025 mira-

186 2060 216 2111 11
236 2050 365 2124 bundus,
388 2048 529 2129 quidnam
550 2067 616 2111 sese
638 2049 737 2121 uellet,
760 2047 918 2111 resedisset
939 2048 1071 2124 Flaccus,
1090 2042 1151 2110 ‘me
1173 2042 1307 2130 qnoque'

237 2135 336 2217 inquit
353 2136 435 2197 ‘iube
458 2135 568 2210 occidi,
593 2144 628 2197 ut
648 2135 768 2216 gloriari
790 2134 887 2215 possis
907 2133 1000 2196 multo
1022 2135 1192 2208 Fortiorem,
1222 2153 1307 2216 quam

186 2221 364 2301 teipsam,
391 2219 489 2281 uirum
519 2237 572 2300 sps
594 2230 624 2282 te
651 2221 782 2282 occisum
811 2210 893 2282 esse?
946 2237 1013 2280 cum
1036 2219 1160 2282 Flaccus
1188 2231 1308 2301 negaret

236 2307 371 2387 prolecto
392 2304 463 2366 satis
484 2314 653 2385 compotem
673 2305 782 2366 mentis
797 2322 871 2378 esse,
892 2305 981 2366 modo
996 2303 1149 2385 prohiberi
1165 2305 1251 2367 edam
1267 2325 1306 2376 se,
1328 2315 1341 2366 1

187 2399 215 2451 tt
235 2392 260 2454 si
282 2391 311 2452 id
334 2389 437 2463 uellet,
466 2399 588 2452 senatus
615 2389 751 2452 consulto
780 2389 905 2463 diceret,
930 2397 993 2451 tum
1016 2389 1157 2452 Vibellius
1175 2384 1304 2469 ‘quaudo

236 2471 370 2556 quidem'
387 2475 485 2554 inquit
496 2467 593 2555 ‘capta
609 2474 714 2556 patria,
735 2474 913 2554 propinquis
927 2473 1086 2554 amicisque
1101 2475 1223 2548 amissis,
1239 2494 1304 2537 eum

236 2561 300 2641 ipse
321 2577 412 2621 manu
426 2578 492 2620 mea
507 2560 666 2638 coniugem
683 2559 853 2638 liberosque
874 2558 1085 2631 interfecerim,
1108 2578 1146 2622 ne
1168 2560 1238 2639 quid
1259 2561 1305 2622 in·

236 2645 319 2724 digni
332 2652 516 2726 paterentur,
538 2644 610 2706 mibi
628 2664 668 2707 ne
682 2644 789 2706 mortis
803 2644 921 2724 quidem
937 2645 1023 2724 copia
1039 2645 1140 2706 eadem
1155 2655 1208 2717 est,
1230 2664 1303 2725 quae

235 2731 283 2792 bis
296 2729 413 2791 ciuibus
427 2729 510 2803 meis,
531 2737 650 2810 petatur
664 2748 681 2791 a
696 2729 805 2792 uirtute
827 2729 941 2792 inuisae
962 2729 1050 2792 huius
1064 2731 1141 2791 uitae
1157 2723 1300 2792 uindicta?
1321 2739 1341 2790 u

187 2821 215 2873 ta
236 2822 324 2893 atque
353 2815 391 2874 ita
413 2814 524 2892 gladio,
553 2833 640 2894 11111
671 2824 755 2876 ueste
782 2823 911 2884 texerat.
938 2832 992 2894 per
1019 2815 1176 2876 aduersum
1202 2826 1302 2896 pectus

236 2899 395 2962 transfixus
416 2907 485 2960 aute
506 2899 597 2979 pedes
619 2898 807 2980 imperatoris
828 2899 1024 2962 moribundus
1046 2900 1214 2980 procubuit.

184 2987 221 3044 ts
321 2983 396 3054 Quia
415 2993 444 3044 et
458 2985 538 3062 quod
553 2985 589 3047 ad
606 2985 786 3065 supplicium
801 2985 907 3046 attinet
921 2983 1138 3064 Campanorum
1160 2996 1191 3046 et
1210 2986 1301 3066 plera·

236 3087 294 3150 que
316 3069 371 3130 alia
393 3067 430 3129 de
451 3068 548 3131 Flacci
570 3071 659 3132 unius
685 3070 833 3131 sententia
859 3078 922 3130 acta
951 3080 1052 3144 erant,
1076 3079 1224 3132 munuum
1247 3071 1299 3152 lp.

196 3163 211 3214 a
235 3155 388 3217 Claudium
402 3151 458 3216 sub
473 3154 653 3218 deditionem
669 3155 786 3235 Capuae
802 3153 920 3233 quidam
936 3154 1074 3228 tradunt;
1093 3156 1298 3236 huncquoque
1316 3165 1339 3214 11

235 3241 331 3320 ipsum
360 3239 505 3300 Tauream
535 3258 633 3320 neque
661 3257 714 3301 sua
742 3249 849 3320 sponte
877 3239 995 3301 uenisse
1018 3239 1100 3302 Cales
1128 3257 1224 3320 neque
1249 3259 1296 3302 sua

234 3343 326 3386 manu
348 3325 554 3400 interfectum,
580 3325 630 3388 sed
654 3343 722 3386 cum
745 3325 823 3387 inter
845 3332 959 3386 ceteros
980 3326 1014 3385 ad
1038 3325 1136 3405 palum
1164 3323 1296 3406 deligatus

304 3493 319 3544 2
332 3493 427 3543 tribuni
439 3492 482 3559 ΡΙΙ
493 3494 509 3545 3
522 3491 601 3543 duob.
614 3504 650 3541 σο
662 3503 699 3541 σο
712 3491 827 3560 equiturn
839 3489 881 3556 ΡΙ
894 3493 944 3544 aa
957 3490 1138 3558 productiones
1150 3489 1192 3558 ΡΙ
1205 3493 1233 3546 13
1245 3509 1295 3560 per-

235 3559 303 3609 ussit
319 3575 374 3611 ros.
397 3576 432 3610 ec
453 3560 581 3626 persuasit
597 3561 622 3611 P
629 3561 640 3627 Ι
654 3564 684 3613 t'l
705 3567 758 3612 tum
775 3575 828 3610 rar.
853 3565 977 3610 actuum
995 3559 1040 3628 ΡΙ
1053 3562 1084 3613 18
1102 3559 1183 3612 lectae
1200 3563 1218 3624 ς
1233 3560 1294 3628 lega-

235 3633 276 3677 tae
293 3642 346 3678 ras.
365 3643 400 3677 se
416 3627 530 3692 legataes
548 3628 590 3696 Pl
605 3629 636 3682 19
654 3643 704 3695 ope
722 3644 757 3679 ac
774 3641 836 3694 oper
853 3625 908 3694 11¹p
921 3630 953 3680 20
971 3641 1109 3693 campanos
1126 3627 1168 3694 ΡΙ
1182 3629 1210 3681 21
1228 3629 1293 3680 mira·

235 3691 344 3745 mundns
361 3693 401 3754 1²⁸,
419 3709 489 3746 corr.
507 3694 541 3746 Ρ
553 3694 564 3764 Ι
576 3698 607 3748 tt
626 3695 717 3764 inquid
735 3696 776 3762 Pl
789 3697 823 3747 32
837 3695 1004 3748 moribundus
1017 3712 1052 3746 au
1063 3695 1237 3749 moribnsndns
1248 3697 1292 3765 ΡῚ

237 3763 269 3814 33
287 3761 379 3813 attinet
397 3769 416 3826 ς
433 3764 525 3815 attinet
543 3772 570 3815 et
586 3762 630 3831 ΡΙ
642 3767 676 3817 34
694 3764 775 3830 placei
790 3763 831 3830 ΡΙΙ
845 3765 876 3814 at
890 3763 1017 3829 deligatus
1030 3764 1162 3832 quiritaret
1176 3762 1292 3816 Weissen-
