2734 4250
123 189 146 222 ι.
162 178 213 224 cur.
226 180 266 222 ιιι
528 162 622 216 blBllll
640 161 770 229 XXVl,'2.
789 168 804 220 3
1180 168 1200 229 3

4 359 5 400 ι
122 335 302 431 imperatore
323 352 378 395 suo
401 334 497 396 uictos
519 353 593 398 esse.
638 336 799 411 neminem,
822 355 891 399 cum
914 338 1087 420 suffragium
1109 341 1236 415 ineata

120 420 190 481 satis
218 437 358 493 cernere,
388 420 436 481 cui
462 420 636 516 imperium,
666 422 714 483 cui
737 422 900 484 exercitum
922 425 1083 502 permittat.
1127 427 1198 506 quid
1220 438 1249 490 lo

121 505 291 566 interluisse
319 504 399 566 inter
421 504 466 566 Ti.
488 499 700 585 Semprduium
730 514 760 568 et
782 506 836 568 Cn.
851 506 1006 571 Fuluium!
1051 510 1096 572 Ti.
1113 511 1197 573 Sem·

142 591 272 663 ronium,
294 608 363 652 cum
379 591 406 651 ei
420 608 577 652 seruorum
591 593 739 653 exercitus
754 591 840 655 datus
855 601 940 668 esset,
963 594 1049 657 breui
1065 597 1198 659 ell'ecisse

82 610 275 756 tbisciplina
298 684 387 773 atque
409 675 543 773 imperio,
566 686 599 737 ut
621 694 711 738 nemo
734 695 838 739 eorum
841 679 980 776 ugeneris
994 698 1028 742 ac
1043 682 1197 780 sanguinis

118 762 165 822 sui
193 778 309 822 memor
336 760 367 822 in
396 760 459 822 acie
486 770 579 835 esset,
610 762 757 841 praesidio
786 763 892 837 sociis,
925 764 1060 828 hostibus
1088 767 1197 828 terrori

119 854 237 920 essent3
261 844 378 918 Cumas,
401 846 608 908 Reneuentum
629 847 760 928 aliasque
783 848 874 910 urbes
896 866 948 911 eos
970 850 1054 912 uelut
1071 870 1087 913 e
1102 853 1196 914 lauci-

118 930 176 993 bus
190 930 365 992 Hannibalis
380 940 497 1011 ereptas
511 932 624 1012 populo
639 932 775 995 Romano
791 933 970 996 restituisse:
995 935 1195 999 CuFuluium
1218 947 1245 999 tt

118 1016 280 1088 Quiritium
303 1016 504 1078 Romanorum
527 1018 708 1092 exercitum,
731 1018 856 1081 honeste
879 1020 1011 1097 genitos,
1034 1022 1195 1084 liberaliter

4 1173 5 1182 ἵ
66 1112 95 1162 to
116 1104 268 1175 educatos,
290 1100 449 1164 seruilibus
471 1101 551 1163 uitiis
573 1102 725 1165 imbuisse.
770 1122 842 1183 ergo
865 1104 1007 1175 effecisse,
1031 1116 1064 1168 ut
1079 1109 1195 1170 seroces

4 1187 5 1268 l
117 1197 148 1248 et
169 1186 296 1266 inquieti
318 1186 399 1248 inter
419 1186 532 1261 socios,
555 1187 656 1268 ignaui
679 1196 710 1249 et
731 1187 857 1249 inbelles
878 1189 959 1251 inter
980 1190 1073 1253 bostis
1096 1202 1195 1254 essent

118 1290 176 1333 nec
198 1272 342 1352 impetum
364 1272 452 1333 modo
467 1272 639 1334 Poenorum
661 1272 714 1335 sed
733 1292 772 1334 ne
795 1273 954 1335 clamorem
971 1275 1089 1354 quidem
1104 1278 1192 1340 susti-

117 1376 191 1419 nere
220 1366 352 1437 possent
398 1375 454 1418 nec
468 1356 590 1419 hercule
607 1358 715 1420 mirum
732 1376 797 1421 esse
812 1359 936 1421 cessisse
952 1360 1059 1423 milites
1075 1363 1105 1423 in
1121 1362 1192 1438 acie,
1217 1373 1245 1425 ιι

117 1461 186 1503 cum
209 1442 324 1523 primus
346 1442 480 1503 omnium
503 1442 666 1523 imperator
687 1444 819 1523 lugerem
849 1445 941 1523 magis
962 1446 1062 1508 mirari
1085 1466 1117 1509 se
1139 1448 1192 1509 ali·
1214 1459 1244 1509 ιι

68 1537 96 1589 ιι
117 1546 195 1607 quos
217 1528 323 1589 stantis
344 1526 495 1601 cecidisse,
518 1536 549 1589 et
570 1547 632 1589 nou
656 1546 760 1591 omnes
783 1529 905 1591 comites
928 1530 983 1592 Cu.
1000 1530 1086 1594 Fului
1100 1534 1192 1597 luisse

115 1612 238 1693 pauoris
260 1630 294 1673 ac
314 1612 411 1691 lugae.
456 1611 488 1673 C.
508 1611 700 1687 Flaminium,
723 1613 756 1674 L.
778 1614 918 1691 Paulum,
941 1616 974 1676 L.
997 1616 1190 1695 Postumium,

116 1698 170 1759 Cn.
194 1715 230 1758 ac
252 1697 284 1758 P.
300 1697 456 1775 Scipiones
478 1698 582 1759 cadere
597 1698 628 1759 in
644 1699 707 1759 acie
723 1699 860 1763 maluisse
875 1718 964 1780 quam
979 1702 1116 1765 deserere
1132 1704 1190 1766 cir·
1221 1746 1222 1749 ι

115 1790 295 1844 cumuentos
316 1782 479 1844 exercitus:
503 1782 557 1844 Cn.
575 1782 712 1845 Fuluium
728 1803 823 1864 prope
838 1803 932 1847 unum
948 1788 1086 1849 nuntium
1103 1790 1191 1852 deleti
1213 1800 1242 1853 lt

114 1868 264 1929 exercitus
284 1866 408 1928 Romam
431 1868 551 1930 redisse.
589 1869 705 1930 lacinus
726 1869 882 1948 indignum
905 1890 979 1946 esse,
1003 1872 1191 1937 Cannensem

62 1960 91 2011 et
114 1953 293 2026 exercitum,
325 1953 405 2031 quod
427 1972 463 2014 οι
486 1953 549 2014 acie
570 1954 697 2033 fugerit,
719 1955 749 2015 in
774 1955 902 2017 Siciliam
924 1957 1127 2036 deportatum,
1152 1980 1190 2021 ne

114 2038 199 2117 prius
221 2037 290 2098 inde
312 2037 484 2112 dimittatur,
508 2056 597 2117 quam
619 2039 713 2102 hostis
734 2057 770 2100 ex
792 2040 873 2102 ltalia
891 2042 1061 2117 decesserit,
1085 2052 1115 2105 et
1130 2045 1186 2106 boc

114 2123 193 2184 idem
215 2123 247 2184 in
270 2121 323 2184 Cn.
340 2123 425 2185 l'ului
448 2123 617 2202 legionibus
641 2143 738 2206 nuper
760 2126 926 2188 decretum:
950 2125 1004 2188 Cn.
1019 2128 1126 2191 Fuluio
1142 2133 1189 2192 lu·
1211 2139 1240 2192 ts

114 2225 181 2287 gam
211 2227 248 2268 ex
276 2207 389 2287 proelio
419 2209 512 2288 ipsius
540 2209 706 2272 temeritate
734 2211 893 2274 commisso
915 2212 1091 2292 impunitam
1113 2234 1187 2290 esse,

114 2302 234 2355 etcum
257 2293 287 2354 in
310 2310 404 2371 ganea
427 2294 595 2374 lustrisque,
619 2293 670 2356 ubi
693 2295 845 2357 iuuentam
868 2297 979 2376 egerit,
1002 2307 1186 2362 senectutem

62 2386 91 2438 ιι
111 2387 258 2449 acturum,
282 2378 397 2451 milites,
420 2380 471 2458 qui
493 2379 568 2440 nibil
589 2380 668 2441 aliud
690 2381 890 2460 peccauerint,
913 2399 1003 2460 quam
1025 2385 1106 2462 quod
1129 2385 1186 2446 im·
1210 2395 1238 2446 lo

4 2536 5 2553 ,
111 2464 258 2544 peratoris
287 2463 397 2525 similes
419 2465 546 2535 luerint,
576 2467 723 2563 relegatos
745 2484 839 2546 prope
862 2466 892 2528 iu
916 2467 1036 2528 exilium
1058 2469 1186 2548 ignomi-

111 2549 228 2610 niosam
249 2549 311 2628 pati
332 2549 477 2611 militiam.
513 2550 617 2611 adeo
610 2569 753 2631 imparem
776 2550 941 2612 libertatem
957 2551 1068 2614 Romae
1084 2555 1137 2616 diti
1151 2574 1186 2618 ac

109 2634 245 2730 pauperi,
270 2634 415 2695 honorato
436 2646 525 2714 atque
548 2635 727 2698 inhonorato
750 2655 824 2698 esse.
862 2655 932 2699 reus
954 2637 990 2699 ab
1013 2657 1045 2700 se
1067 2639 1184 2720 culpam

4 2774 5 2781 ,
109 2719 140 2781 in
169 2718 279 2780 milites
306 2719 518 2783 transferebat:
548 2739 600 2782 eos
628 2721 768 2782 ferociter
788 2740 919 2820 pugnam
941 2725 1093 2804 poscentis
1113 2741 1220 2806 pro-8

4 2826 5 2829 ¹
58 2814 87 2865 ι)
109 2804 249 2866 ductos
240 2823 272 2865 ιιι
295 2804 397 2879 aciem,
420 2825 482 2868 non
503 2824 538 2867 eo
554 2824 614 2886 quo
630 2806 790 2880 uoluerint,
814 2808 883 2904 quia
897 2826 996 2871 serum
1013 2809 1068 2872 diei
1084 2812 1185 2887 luerit,

107 2891 160 2952 sed
175 2898 298 2970 postero
312 2890 369 2963 die,
391 2901 420 2953 et
434 2901 571 2972 tempore
585 2899 616 2953 et
629 2891 695 2954 loco
710 2910 806 2971 aequo
822 2893 992 2967 instructos,
1010 2914 1062 2957 seu
1078 2897 1185 2960 lamam

105 2995 161 3038 seu
183 2975 246 3038 uim
268 2976 396 3037 bostium
420 2995 481 3038 non
504 2977 689 3039 sustinuisse.
726 2995 794 3039 cum
811 2979 903 3040 elluse
919 2997 1022 3041 omues
1037 2981 1184 3061 lugerent,
1208 2995 1223 3046 ι

105 3079 139 3124 se
154 3079 276 3141 quoque
289 3061 375 3122 turba
385 3059 525 3160 ablatum,
538 3061 898 3126 utVarronemCannensi
910 3083 1020 3146 pugna,
1032 3075 1065 3126 ut
1076 3068 1185 3130 multos

104 3147 179 3209 elios
196 3147 400 3226 imperatores.
437 3147 488 3226 qui
511 3156 609 3209 autem
630 3149 727 3210 solum
746 3167 778 3211 se
795 3157 956 3211 restantem
973 3150 1116 3228 prodesse
1139 3153 1183 3216 rei
1205 3168 1220 3218 3

53 3241 82 3294 ιι
103 3233 253 3312 publicae,
272 3230 328 3294 nisi
347 3231 371 3292 si
387 3250 467 3294 mors
480 3251 534 3294 sua
549 3233 679 3295 remedio
696 3233 823 3313 publicis
838 3234 969 3296 cladibus
983 3234 1082 3296 lutura
1097 3247 1183 3311 esset,

171 3433 188 3485 2
205 3433 341 3500 permittat
358 3449 394 3484 es
410 3432 535 3499 permittit
552 3433 583 3484 Ρ
596 3431 607 3499 Ι
620 3434 636 3485 3
649 3436 676 3486 οι
693 3448 733 3489 en.
746 3433 872 3488 luluinmt
889 3434 916 3486 tl.
929 3433 1101 3501 sempronium
1119 3437 1181 3491 adu

102 3500 224 3567 Madvig,
241 3515 293 3553 om.
310 3499 382 3568 ΡΙθ
399 3507 468 3553 esset
486 3501 564 3553 Pset
581 3504 650 3555 coni.
668 3501 780 3568 Madvig
797 3501 1034 3570 Em.l.io.371l'l
1054 3503 1183 3558 benenca-

102 3578 157 3621 tnna
174 3585 231 3621 ras.
248 3585 284 3619 ex
301 3568 500 3622 beneuolentum
518 3568 560 3636 ΡΙ
574 3572 606 3623 lo
625 3575 654 3623 ut
667 3575 688 3634 ς
699 3575 726 3622 et
738 3571 778 3635 ΡΙ
794 3573 825 3624 13
838 3583 895 3622 esse
908 3569 1018 3623 cessisse
1030 3572 1182 3635 Alschefski

102 3652 160 3691 esse
178 3637 202 3688 Ρ
218 3638 330 3689 cessisse
349 3636 430 3689 (ιι-ιιι.
447 3652 505 3690 esse
523 3653 575 3690 non
592 3638 697 3690 stetisse
717 3637 776 3690 osso
795 3639 886 3690 mirum
899 3654 958 3692 esse
969 3639 1088 3692 milites
1081 3657 1106 3693 ιιι
1126 3643 1181 3696 acle

101 3721 152 3759 non
170 3705 278 3758 stetisse
296 3705 383 3771 3l2⁰
401 3702 495 3774 (ita)
487 3721 514 3758 ιιι
531 3706 606 3758 Αιαιι
621 3705 680 3758 um
694 3704 752 3758 [ιιι.
770 3706 815 3760 IV
826 3707 859 3760 31
872 3707 882 3775 l
895 3709 928 3761 25
946 3707 1113 3775 imperatores
1132 3709 1181 3776 ΡΙ

100 3775 131 3827 31
158 3774 219 3826 loco
241 3786 301 3824 ae.
323 3775 448 3825 tustmcto
466 3775 507 3841 Ρ
520 3775 553 3828 ³2
571 3772 668 3826 ell'usae
685 3775 727 3840 ΡΙ
717 3773 861 3842 liugemnt
879 3775 922 3896 Pp
933 3777 966 3830 33
984 3791 1111 3832 cannense
1130 3778 1154 3829 P
1172 3777 1183 3846 Ι

99 3845 133 3896 34
151 3839 216 3911 qnid
233 3845 253 3906 ς
300 3840 450 3909 adotgltb
469 3775 539 3895 esbet
556 3843 671 3896 Fuluius
691 3841 803 3896 Ursinus
820 3858 877 3897 ease

990 3928 1025 3983 μ
