2734 4250
210 145 272 207 228
582 144 675 197 ursan
694 143 814 212 aaron,
832 148 874 199 ar.
893 148 925 199 rs
1141 171 1162 205 a
1177 171 1200 204 a.
1215 170 1237 203 a.
1250 162 1287 203 sn

297 320 473 398 Prosperam
497 316 718 395 nauigationem
739 317 805 379 sine
833 326 949 378 terrore
977 336 1012 377 ac
1039 317 1170 378 tumultu
1199 318 1289 379 luisse

159 414 189 467 tr
209 402 366 485 permultis
382 402 501 465 Graccis
517 402 690 481 Latinisque
704 400 877 464 auctoribus
892 401 1012 463 credidi.
1058 400 1177 463 Coelius
1199 420 1288 467 unus.

211 497 418 570 praeterquam
441 488 520 566 quod
545 506 605 548 nou
629 504 741 548 mersas
760 486 900 548 fluctibus
922 504 1030 560 naues,
1052 497 1171 547 ceteros
1192 487 1291 548 omnis

213 574 345 637 caelestis
361 572 582 651 maritimosque
603 582 744 644 terrores,
766 581 918 651 postremo
941 572 1093 651 abreptam
1116 579 1292 651 tempestate

214 658 251 719 ab
267 658 363 719 Airica
380 657 502 719 classem
520 657 556 717 ad
571 656 698 717 insulam
712 656 914 733 Aegimurum,
936 656 1007 717 inde
1022 674 1111 734 aegre
1124 667 1294 717 correctum
1315 671 1329 719 a

162 752 191 803 15
212 760 332 805 cursum
356 743 487 822 exponit,
516 751 546 803 et
566 759 661 821 prope
684 740 799 802 obrutis
822 741 948 804 nauibus
968 742 1083 825 iniussu
1104 741 1294 820 imperatoris

215 828 346 909 scaphis,
375 827 453 887 haud
476 828 561 889 ‘secus
584 842 671 905 quam
696 827 869 905 naufragos,
898 827 1006 888 milites
1025 826 1091 887 sine
1112 827 1204 887 armis
1225 844 1294 888 cum

214 913 328 992 ingenti
350 912 530 973 tumultuin
553 920 660 971 terram
684 912 821 972 euasisse.

162 999 201 1055 28
305 996 453 1077 Expositis
475 995 568 1076 copiis
589 996 715 1057 Romani
743 1007 840 1057 castra
861 995 892 1057 in
914 995 1057 1075 proximis
1079 995 1202 1057 tumulis
1231 1014 1295 1057 me-

179 1088 194 1139 t
216 1090 326 1144 tantur.
370 1082 427 1143 iam
444 1100 505 1143 non
522 1081 552 1142 in
575 1080 739 1142 maritimos
760 1082 849 1141 morlo
870 1098 957 1159 agros
978 1088 1142 1159 conspectu
1165 1081 1296 1160 primum
1318 1092 1345 1143 to

218 1166 335 1242 classis,
358 1166 426 1227 dein
448 1165 577 1227 tumultu
599 1165 813 1244 egredientium
837 1165 867 1226 in
890 1173 999 1226 terram
1020 1182 1116 1245 pauor
1136 1173 1298 1246 terrorque

182 1257 196 1306 3
219 1261 408 1334 peruenerat,
430 1251 481 1313 sed
505 1251 535 1311 in
559 1250 638 1330 ipsas
660 1248 759 1311 urbes.
805 1250 1005 1328 nequeenim
1028 1250 1184 1311 bominum
1206 1253 1295 1313 modo

217 1337 314 1411 turba,
337 1336 494 1397 mulierum
517 1352 741 1414 puerorumque
762 1335 932 1414 agminibus
953 1335 1093 1409 immixta,
1115 1336 1215 1396 omnis
1228 1356 1298 1417 pas·

217 1424 271 1485 sim
296 1422 496 1501 compleuerat
525 1421 604 1493 uiae,
633 1418 683 1480 sed
716 1437 824 1499 pecora
854 1438 974 1500 quoque
1003 1437 1075 1500 prae
1102 1438 1136 1481 se
1164 1433 1298 1500 agrestes

182 1511 197 1560 ⁴
219 1507 354 1587 agebant,
378 1514 411 1567 ut
426 1506 554 1583 relinqui
570 1504 668 1566 subito
683 1503 816 1566 Africam
828 1505 953 1567 diceres.
995 1503 1121 1566 urbibus
1134 1522 1211 1567 uero
1226 1508 1300 1587 ipsis
1320 1515 1346 1565 tt

218 1593 377 1663 maiorem,
401 1608 490 1669 quarn
512 1608 601 1668 quem
624 1608 724 1651 secum
747 1590 922 1662 attulerant,
944 1599 1089 1651 torrorem
1110 1590 1298 1661 inierebant;

183 1686 197 1735 5
219 1676 379 1755 praecipue
395 1674 562 1753 Carthagini
586 1691 681 1754 prope
697 1682 730 1734 ut
743 1682 847 1753 captae
869 1675 1014 1736 tumultus
1036 1673 1100 1736 luit.
1136 1693 1207 1737 nam
1230 1687 1300 1757 post

220 1759 258 1820 Μ.
274 1758 393 1821 Atilium
409 1759 553 1837 Regulum
570 1770 600 1819 et
615 1759 648 1823 L.
665 1758 807 1820 Manlium
822 1759 970 1830 consules,
992 1760 1079 1821 annis
1097 1778 1193 1840 prope
1208 1762 1298 1840 quin·

221 1844 379 1924 quaginta,
403 1842 516 1904 nullum
540 1844 706 1905 Romanum
729 1844 890 1905 exercitum
914 1844 1051 1905 uiderant
1071 1855 1190 1924 praeter
1210 1864 1300 1926 prae·

220 1927 348 1990 datorias
370 1927 487 2001 classes,
515 1927 623 2007 quibus
645 1930 836 1991 escensiones
857 1930 889 1991 in
912 1946 1000 2009 agros
1020 1929 1184 1991 maritimos
1195 1931 1302 1993 -iaotae
1321 1938 1350 1989 ι)

183 2024 199 2074 6
220 2023 315 2087 erant,
331 2014 492 2094 raptisque,
508 2032 584 2093 quae
596 2013 683 2075 obuia
695 2015 758 2075 iors
773 2016 891 2087 lecerat,
913 2015 997 2093 prius
1011 2032 1165 2075 recursum
1181 2033 1303 2096 semper

221 2100 257 2161 ad
273 2116 375 2174 naues,
398 2116 486 2178 quam
501 2099 613 2162 clamor
627 2099 752 2176 agrestis
766 2100 910 2172 conciret,
932 2100 1044 2174 luerat;
1066 2117 1102 2160 oo
1118 2100 1215 2162 maior
1236 2110 1300 2164 turn

186 2195 201 2244 t
222 2187 291 2265 luga
306 2202 460 2266 pauorque
475 2185 506 2246 in
527 2183 602 2246 urbe
625 2185 690 2245 luit.
735 2194 764 2246 et
786 2185 908 2247 hercule
930 2202 1028 2263 neque
1050 2185 1197 2246 exercitus
1219 2186 1302 2247 domi

222 2270 338 2332 ualidus
353 2287 451 2349 neque
466 2270 534 2342 dux,
551 2287 639 2348 quem
656 2280 855 2349 opponerent,
878 2278 950 2330 erat.
979 2269 1144 2330 Hasdrubal
1158 2270 1302 2350 Gisgonis

223 2356 301 2418 illius
322 2373 447 2436 genere,
475 2355 567 2427 lama,
590 2353 716 2427 diuitiis,
739 2355 820 2435 regia
841 2363 904 2417 tum
927 2355 1015 2415 etiam
1038 2354 1188 2416 adfinitate
1209 2356 1302 2436 longe
1323 2365 1353 2414 ὅ

186 2445 201 2496 Β
222 2440 336 2520 primus
346 2440 473 2502 ciuitatis
488 2447 566 2512 erat;
582 2441 633 2501 sed
649 2457 717 2500 eum
732 2439 769 2501 ab
784 2441 849 2520 ipso
864 2438 914 2501 illo
927 2439 1067 2518 Scipione
1082 2439 1195 2518 aliquot
1208 2459 1302 2521 proe-

224 2524 270 2586 liis
284 2527 382 2588 lusum
397 2525 577 2605 pulsumque
589 2525 619 2586 in
634 2523 776 2605 llispania
790 2525 998 2595 meminerant,
1015 2543 1071 2586 nec
1084 2525 1179 2605 magis
1193 2527 1302 2587 ducem

224 2609 291 2670 duci
306 2628 408 2690 parem
426 2627 514 2689 quam
530 2609 754 2671 tumultuarium
770 2609 931 2671 exercitum
953 2626 1040 2670 suum
1056 2609 1192 2671 Romano
1213 2629 1304 2673 exer·

186 2699 202 2749 9
225 2694 295 2756 citui
310 2713 383 2756 esse.
428 2695 528 2774 itaque
542 2694 625 2755 uelut
646 2695 670 2754 si
693 2695 798 2756 urbem
820 2694 968 2774 extemplo
989 2693 1184 2774 adgressurus
1198 2696 1305 2776 Scipio

225 2781 310 2853 soret,
333 2779 372 2838 ita
395 2778 610 2840 conclamatum
634 2780 669 2840 ad
693 2797 782 2841 arma,
795 2788 848 2847 est
871 2787 1035 2860 portaeque
1056 2779 1163 2860 raptim
1185 2780 1307 2844 clausae
1328 2787 1363 2836 m

225 2873 255 2923 et
268 2863 372 2924 armati
388 2863 418 2923 in
435 2863 527 2926 muris
549 2863 726 2943 uigiliaeque
749 2874 779 2926 et
800 2864 943 2926 stationes
964 2862 1132 2944 dispositae,
1155 2881 1189 2926 ac
1211 2878 1307 2928 nocte

297 3066 309 3117 1
330 3062 384 3116 sine
402 3063 474 3115 ΡΨ
491 3064 629 3118 sinemsine
647 3065 701 3131 ΡῚ
720 3066 735 3117 2
753 3065 834 3117 celiae
851 3063 890 3116 Σ*
908 3063 1030 3116 eaedlias
1047 3067 1089 3131 ΡΙ
1102 3080 1168 3117 uuus
1186 3065 1235 3131 2⁸,
1253 3084 1306 3119 our.

226 3128 298 3198 Pi3
316 3146 367 3183 noa
386 3131 432 3195 2²,
450 3147 501 3184 cm.
519 3132 563 3202 Pl
575 3132 700 3186 lructlbns
717 3133 757 3191 1¹,
775 3148 847 3185 corr.
858 3130 914 3199 ΡΙ
927 3145 1007 3184 naues
1025 3147 1076 3184 orn.
1088 3130 1177 3198 ΣἸ4
1195 3133 1307 3202 abrepta

227 3199 266 3250 Σι
278 3198 316 3266 lb
335 3199 425 3251 classis
442 3199 482 3250 2¹¹
494 3200 503 3267 ΙΙ
516 3204 657 3253 correctam
670 3199 708 3250 ΣΙ
725 3205 869 3268 correptum
883 3198 924 3268 ΡΙ
938 3201 954 3252 6
969 3199 1067 3252 iniussu
1080 3199 1122 3267 ΡΙ
1135 3203 1149 3251 'l
1162 3205 1251 3266 aecus]
1264 3203 1307 3263 Ρ,

227 3284 242 3320 c
259 3270 289 3318 in
307 3282 324 3333 g
342 3271 407 3318 matt.
426 3272 452 3318 et
463 3273 550 3319 antae
567 3269 699 3334 quaedam
715 3285 846 3336 superem.
858 3267 900 3332 Ρ,
917 3283 990 3318 nunc
1002 3272 1120 3333 raraque
1130 3284 1208 3319 erasa
1219 3275 1288 3320 snut
1299 3273 1309 3336 Ι

227 3339 244 3390 9
261 3341 376 3387 metantu
394 3335 436 3402 Pl
452 3336 483 3387 tt
500 3341 620 3388 euenerat
638 3335 676 3386 2¹
688 3335 699 3405 Ι
711 3337 767 3405 ipsa
784 3335 827 3403 ΡΙ
839 3335 917 3386 modo
935 3335 1067 3387 bominum
1085 3334 1146 3404 ΣἸ
1160 3339 1193 3390 lb
1210 3337 1309 3406 reliqui

228 3403 270 3471 Pl
283 3403 366 3456 dicere
385 3401 471 3520 1²1th
491 3404 642 3469 praecipuae
656 3405 697 3470 Pl
710 3404 851 3470 carthagini
863 3402 904 3453 2²
919 3403 1075 3469 carthaginis
1087 3403 1129 3471 ΡΙ
1142 3410 1235 3472 captae
1249 3405 1311 3457 1³2¹

228 3479 302 3537 capta
320 3474 392 3523 ocni.
435 3471 523 3537 uberi
538 3472 569 3524 18
587 3471 704 3537 regulum
722 3478 750 3524 et
766 3471 783 3524 l.
796 3471 918 3522 manlium
936 3469 983 3534 2⁸¹,
1002 3487 1053 3524 om.
1069 3471 1113 3539 ΡΙ
1125 3472 1234 3525 wasme
1254 3473 1311 3525 1³¹⁸·

230 3543 261 3592 19
281 3539 352 3618 qnllu
371 3539 411 3604 ΡΙ,
433 3554 503 3590 corr.
517 3537 576 3618 ‚pii
596 3541 628 3590 20
646 3539 788 3591 maritimos
805 3538 853 3602 θ,
874 3553 926 3591 oar.
943 3538 985 3607 Pl
999 3541 1028 3592 21
1049 3541 1183 3620 raptisque
1199 3555 1270 3608 qaae
1289 3548 1311 3604 ς

228 3611 404 3740 bilbilis
421 3606 590 3726 illiti
607 3604 1314 3743 libili,bftt'f‘ri'llll'l’.‘aaliz

230 3755 280 3793 om.
299 3741 335 3803 P,·
358 3740 416 3821 rinei
434 3739 609 3860 (credebaptp
624 3745 695 3795 onai.
712 3741 824 3809 Madvig
841 3744 900 3796 llas.
917 3743 976 3794 hio.
993 3741 1071 3810 4221
1088 3757 1176 3809 parem
1194 3744 1238 3794 Σ*
1255 3746 1313 3813 pari

230 3807 272 3873 Pil
286 3809 318 3858 30
337 3813 428 3872 raptim
446 3811 485 3858 Σ
502 3815 567 3875 partr
