2734 4250
101 190 122 223 a.
135 178 188 223 car.
202 180 249 223 m.
263 180 303 223 aba
484 162 578 215 lilim
594 162 695 228 xxva,
714 164 755 217 22.
773 166 806 217 23
1136 162 1176 225 98

101 334 222 397 Gelliam
242 336 366 396 eandem
381 336 568 414 prouinciam
590 352 658 396 eum
679 334 775 397 isdem
797 334 911 397 duabus
933 334 1100 415 legionibus
1122 356 1177 418 op·

99 419 219 492 dueret,
241 420 350 499 quibus
371 430 491 500 praetor
513 420 699 501 optinuisset.
744 419 822 499 quod
845 421 875 481 in
896 419 930 481 L.
948 420 1077 494 Veturio,
1100 421 1215 485 idemu

100 504 130 565 in
147 504 179 565 (2
196 505 396 566 Aurunculeio
417 505 570 566 decretum
584 504 621 566 ab
637 513 744 567 senatu
763 504 915 585 latumque
936 505 973 567 de
987 506 1177 587 prorogando

100 589 227 669 imperio
255 590 291 651 ad
319 590 464 671 populum
493 599 552 663 est,
582 590 634 670 qui
661 599 782 671 praetor
804 590 968 653 Sardiniam
990 591 1177 672 prouinciam

66 686 170 737 tcum
199 674 315 737 duabus
337 674 506 755 legionibus
533 676 722 756 optinuerat3
756 675 869 737 additae
892 677 918 737 ei
940 676 975 737 ad
999 677 1177 756 praesidium

99 760 274 839 prouinciae
290 760 505 840 quinquaginta
520 759 627 841 longae
642 779 745 835 naues,
761 778 834 840 quas
849 760 881 821 P.
897 761 996 840 Scipio
1020 780 1056 824 ex
1072 760 1176 842 llispa·

101 846 150 906 nia
165 845 302 907 misisset.
340 855 371 907 et
393 844 424 906 P.
440 846 572 926 Scipioni
591 855 621 907 et
635 845 673 908 ll.
690 846 790 907 Silano
805 864 876 908 suae
892 845 1049 927 llispauiae
1071 847 1178 927 suique
1199 860 1214 910 1

4 931 5 954 ¹
100 932 249 992 exercitus
269 930 299 991 in
317 948 429 991 annum
452 931 578 1007 decreti;
601 930 702 1010 Scipio
724 948 758 991 en
776 932 924 1007 octoginta
946 931 1082 1006 nauibus,
1105 950 1177 1012 quas

4 999 5 1074 i
100 1024 153 1076 aut
179 1032 281 1077 secum
311 1034 347 1076 ex
368 1015 450 1076 ltalia
477 1014 617 1077 adductas
644 1025 696 1077 aut
717 1025 817 1095 captas
840 1015 1016 1096 Cartbagine
1039 1016 1176 1092 babebat,

4 1143 5 1168 2
50 1112 79 1162 tu
101 1100 315 1180 quinquaginta
344 1100 376 1161 in
400 1100 564 1161 Sardiniam
593 1102 758 1162 tramittere
779 1101 891 1175 iussus,
921 1102 989 1182 quia
1018 1103 1093 1163 lama
1117 1111 1216 1164 erata

100 1203 242 1265 magnum
259 1185 393 1246 naualem
408 1196 581 1265 apparatum
599 1205 636 1246 eo
650 1203 731 1246 anno
747 1185 923 1265 Cartbagine
944 1205 1019 1260 esse,
1042 1188 1177 1251 ducentis

101 1270 230 1332 nauibus
243 1288 363 1332 omnem
378 1288 461 1331 oram
476 1269 575 1333 ltaliae
588 1270 764 1350 Siciliaeque
783 1289 818 1332 ec
833 1272 985 1333 Sardiniae
1001 1272 1176 1352 inpleturos

100 1366 132 1417 et
151 1356 183 1417 in
199 1354 299 1416 Sicilia
320 1356 360 1416 ita
381 1356 475 1418 diuisa
496 1374 545 1418 res
566 1366 626 1418 est:
649 1356 718 1417 Sex.
734 1355 850 1418 Caesari
873 1357 1019 1419 exercitus
1037 1356 1177 1419 Cannen-
1198 1371 1214 1422 e

100 1440 143 1502 sis
164 1441 252 1502 datus
272 1448 331 1516 est;
360 1440 400 1503 ll.
421 1441 553 1503 Valerius
575 1441 724 1503 Laeuinus
747 1474 786 1485 -
809 1441 835 1501 ei
859 1459 978 1521 quoque
1003 1443 1083 1504 enim
1107 1461 1177 1523 pro·

51 1534 80 1587 11
101 1534 238 1605 rogatum
249 1526 406 1605 imperium
417 1535 463 1587 est
476 1560 518 1571 —
532 1527 666 1599 classem,
681 1544 759 1605 quae
769 1525 804 1587 ad
821 1526 950 1588 Siciliam
965 1537 1038 1601 erat,
1055 1528 1175 1605 nauium

100 1611 289 1691 septuaginta
304 1612 463 1691 optineret,
478 1611 599 1673 adderet
613 1630 650 1673 eo
664 1611 786 1691 triginta
802 1630 903 1685 naues,
923 1629 998 1691 quae
1012 1612 1048 1673 ad
1063 1612 1177 1675 'laren-

100 1705 165 1758 tum
188 1696 290 1775 priore
310 1714 392 1757 anno
413 1697 549 1772 luerent;
577 1715 644 1758 cum
667 1715 701 1757 ea
724 1706 845 1759 centum
867 1697 988 1759 nauium
1016 1698 1124 1773 classe,
1152 1699 1176 1762 sl

101 1781 257 1843 uideretur
277 1781 320 1853 ei,
342 1780 513 1861 praedatum
537 1782 568 1842 in
591 1783 719 1843 ilricam
740 1782 888 1844 traiceret.
933 1792 962 1843 et
983 1782 1014 1843 P.
1037 1782 1178 1864 Sulpicio,
1200 1795 1229 1846 10

100 1875 137 1927 ut
157 1866 261 1927 eadem
282 1866 375 1927 classe
389 1866 592 1929 llaeedoniam
604 1866 817 1947 Graeciamque
839 1867 1023 1947 prouinciam
1045 1868 1177 1944 baberet,

48 1962 80 2015 ²⁰
100 1959 646 2116 ttut‘tluttllitit‘lld
659 1952 1177 2120 tititdliintltdi‘itt
1201 2049 1229 2102 a

101 2140 181 2202 opus
195 2131 283 2195 esset,
303 2130 337 2183 ut
350 2120 525 2196 seriberent,
548 2123 721 2185 consulibus
736 2123 922 2203 permissum.
952 2143 1011 2185 una
1027 2133 1057 2185 et
1071 2125 1177 2204 uiginti

102 2206 273 2287 legionibus
293 2226 330 2268 eo
352 2225 432 2269 anno
454 2208 609 2270 defensum
630 2209 788 2288 imperium
807 2207 973 2269 Romanum
997 2218 1050 2270 est.
1094 2219 1124 2270 et
1146 2209 1178 2271 Ρ.
1202 2219 1229 2272 11

101 2292 219 2354 Licinio
235 2292 312 2353 Varo
334 2293 464 2372 praetori
480 2293 596 2354 urbano
614 2294 766 2373 negotium
781 2293 890 2365 datum,
914 2302 947 2354 ut
969 2294 1053 2355 nauis
1075 2294 1179 2375 longas

49 2387 78 2438 z
101 2378 223 2458 triginta
245 2386 363 2439 ueteres
384 2379 534 2451 reliceret,
559 2397 636 2458 quae
659 2378 758 2440 Ostiae
780 2386 880 2449 erant,
903 2387 934 2438 et
955 2377 1062 2456 triginti
1084 2398 1178 2442 nouas

4 2498 5 2503 κ
102 2462 192 2524 nauis
205 2461 295 2525 sociis
311 2461 466 2525 naualibus
481 2463 646 2543 conploret,
668 2472 702 2524 ut
716 2462 930 2543 quinquaginta
949 2463 1070 2524 nauium
1086 2465 1177 2527 classe

102 2566 188 2609 oram
203 2547 292 2609 maris
306 2547 436 2608 uicinam
451 2547 519 2610 urbi
535 2549 685 2610 Romanae
708 2548 785 2608 tueri
807 2554 917 2627 posset.
955 2547 986 2609 st
1004 2547 1180 2629 Calpurnius
1202 2561 1230 2612 11

101 2633 215 2694 uetitm
229 2630 267 2693 ab
282 2633 398 2694 Arretio
413 2651 536 2695 mouere
550 2633 722 2706 exercitum,
745 2633 802 2695 nisi
824 2650 891 2694 cum
907 2651 1061 2695 successor
1077 2635 1178 2697 uenis·

101 2728 165 2793 set;
187 2719 265 2779 idem
281 2726 311 2778 et
324 2717 442 2779 Tubulo
456 2719 643 2800 imperatum,
666 2727 701 2779 ut
722 2718 791 2780 inde
807 2717 966 2799 praecipue
988 2731 1117 2796 caueret,
1140 2739 1178 2783 ne

48 2811 80 2863 tt
101 2821 161 2883 qua
183 2821 263 2864 noue
285 2802 408 2865 consilia
430 2812 617 2883 caperentur.

191 2887 345 2950 Praetores
366 2887 396 2949 in
413 2889 584 2970 prouincias
597 2889 739 2968 proiecti;
762 2889 901 2952 consules
922 2888 1026 2970 religio
1047 2889 1177 2965 tenebat,
1192 2895 1231 2953 28

103 2972 184 3053 quod
199 2972 343 3054 prodigiis
365 2972 478 3053 aliquot
492 2973 635 3036 nuntiatis
651 2993 712 3035 non
728 2973 814 3036 facile
828 2973 961 3036 litabant.
999 2986 1029 3036 et
1044 2992 1080 3036 ex
1095 2976 1180 3038 Cam·
1202 2985 1217 3037 2

175 3161 187 3212 1
206 3156 315 3210 eandem
332 3156 372 3208 ΣΡ
389 3155 492 3210 tandem
510 3158 553 3222 ΡΙ
565 3156 664 3211 hisdem
682 3157 753 3226 Ρ13
771 3157 919 3211 arunculeio
935 3158 960 3208 Ρ
991 3161 1006 3210 5
1025 3157 1127 3210 additae
1143 3158 1182 3208 z*

102 3226 220 3280 additum
236 3224 314 3292 Pici
332 3226 370 3276 Σ·
388 3232 416 3277 et
433 3224 508 3294 ΡΙθ
544 3226 728 3294 uinqnagintae
746 3225 787 3290 ΡΙ,
810 3241 881 3278 corr.
898 3225 953 3290 ΡῚ
976 3241 1043 3306 enge
1062 3225 1110 3288 25⁸,
1130 3242 1179 3278 one.

102 3297 128 3349 Ρ
139 3294 180 3362 18
197 3294 306 3346 decretis
324 3295 365 3355 Pi,
388 3309 458 3348 corr.
483 3293 518 3346 ΡΙ
564 3296 595 3346 tu
613 3295 786 3346 transmittere
807 3292 879 3345 ΡΨ
897 3291 908 3360 i
929 3295 960 3346 12
977 3293 1126 3362 siciliaeque
1150 3308 1180 3347 ae

102 3364 232 3416 sardiniae
250 3361 288 3412 2¹
304 3361 402 3413 siciliae
414 3359 567 3428 sardiniaeq.
578 3362 622 3429 ΡΙ
635 3365 666 3416 13
678 3362 760 3414 sicilia
772 3378 826 3413 aar.
839 3377 874 3413 erc
892 3360 979 3413 siciliae
992 3358 1034 3428 Pi
1046 3360 1080 3412 ita
1098 3361 1179 3414 diuisa

102 3445 145 3484 res
162 3433 213 3494 eet]
232 3431 276 3480 bic
291 3445 387 3480 nemer
403 3433 433 3481 in
450 3429 475 3481 Ρ
487 3433 517 3480 in
534 3446 587 3483 raa.
599 3434 716 3496 scriptur
733 3435 787 3493 eri,·
803 3435 866 3480 oasa
882 3445 937 3480 aar.
953 3432 982 3478 a'n
998 3431 1087 3493 prium
1098 3445 1181 3482 uersu

103 3499 232 3551 sardiniae
249 3495 307 3559 sarit
318 3499 328 3563 Ι
340 3498 376 3548 lta
394 3513 445 3548 eac.
463 3497 522 3563 ΣΙ
535 3497 616 3550 diuisa
635 3501 659 3551 Ρ
676 3497 758 3550 diuise
776 3496 888 3564 &ieet
906 3511 956 3548 ona.
975 3495 1035 3565 2¹11
1048 3507 1121 3550 serto
1139 3498 1180 3568 ΡΙ

106 3569 138 3621 15
154 3566 317 3634 imperiumst
335 3567 358 3617 Ρ
372 3568 427 3630 iiii
445 3572 597 3631 praerogato
616 3569 639 3618 P
653 3568 709 3631 i²2
727 3571 815 3618 essem
830 3566 872 3628 Pi
886 3573 915 3618 at
933 3564 979 3625 ΞΡ,
998 3581 1048 3618 one
1067 3567 1108 3635 ΡΙΙ
1120 3581 1181 3619 con·

103 3638 203 3689 salibus
222 3633 261 3684 ΞΡ
278 3633 400 3686 consules
417 3632 614 3702 Piperrnisum
632 3634 674 3702 Pii
688 3637 721 3686 24
738 3634 832 3702 pretori
851 3632 949 3686 urbano
961 3633 999 3684 Bi
1017 3649 1072 3701 .p.r.
1092 3636 1180 3688 urbena

102 3705 127 3756 Ρ
140 3704 150 3773 Ι
163 3706 197 3757 25
214 3702 282 3754 ostia
301 3701 349 3769 ΡΙ
366 3704 400 3755 ib
418 3701 559 3769 compleret
577 3703 613 3753 Σι
634 3702 746 3768 inpleret
763 3705 786 3754 P
800 3702 811 3769 p
830 3703 861 3753 21
881 3701 957 3754 meris
975 3701 1014 3752 2³
1038 3702 1118 3768 magis
1136 3702 1181 3771 ΡΙ

103 3774 137 3827 29
153 3772 239 3825 eidem
256 3771 281 3825 J.
295 3771 453 3822 Maenius
468 3770 479 3837 Ι
497 3771 648 3838 praecipuae
667 3772 691 3822 Ρ
707 3769 831 3837 Ιαυοτοῑ
849 3767 887 3820 2⁸
904 3777 1007 3836 caperet
1023 3771 1047 3820 Ρ
1061 3779 1182 3822 canerent

102 3841 197 3893 Duker
208 3839 220 3907 Ι
232 3841 266 3892 tu
283 3846 435 3905 caperentur
453 3838 617 3891 Perirentnr
634 3837 693 3905 2³11
708 3840 740 3893 32
759 3837 862 3907 aliquod
879 3837 923 3905 ΡΙ
935 3844 962 3891 et
980 3853 1030 3890 orn.
1048 3840 1085 3888 2³
