2734 4250
222 84 263 143 48
604 84 699 137 ussctt
718 84 806 151 XXVl,
824 88 866 140 to.
885 89 917 141 tt
1156 112 1177 146 a.
1191 112 1215 145 u.
1230 111 1251 145 o.
1266 104 1301 145 stt

173 268 202 319 14
224 279 343 323 omnem
365 260 524 341 pecuniam
546 259 668 321 Romam
692 260 781 321 misit.
825 260 902 320 lama
925 258 1188 339 Agrigentinorum
1213 259 1304 322 cladis

185 382 188 385 ⁴
223 345 352 408 Siciliam
380 364 449 407 cum
477 346 677 425 peruasisset,
707 344 805 405 omnia
834 354 958 424 repente
986 345 1021 405 ad
1046 345 1196 406 Romanos
1218 345 1303 407 incli-

224 441 382 493 nauerunt.
426 430 541 510 prodita
569 430 655 491 breui
684 438 757 492 sunt
784 430 890 510 uiginti
921 429 1044 509 oppida,
1072 449 1123 491 sex
1152 430 1182 491 ui
1209 440 1304 513 capta,

173 522 201 573 tt
224 517 392 579 uoluntaria
413 516 564 577 deditione
586 516 618 575 in
640 515 728 576 tidem
751 522 903 576 uenerunt
924 516 958 575 ad
985 514 1187 595 quadraginta.
1232 536 1306 595 qua-

224 612 291 664 rum
314 600 477 663 ciuitatium
500 599 688 680 principibus
716 617 783 660 cum
816 600 1039 680 proculusque
1066 600 1171 661 merito
1200 601 1339 663 consult

225 686 321 768 pretia
342 703 515 766 poenasque
537 685 713 747 exsoluisset
735 685 941 764 coegissetque
964 684 1081 747 Siculos
1110 685 1214 765 positis
1241 696 1306 747 tan·

173 780 203 831 m
224 773 291 833 dem
314 771 404 832 armis
432 771 468 831 ad
490 788 593 850 agrum
617 769 776 831 colendum
805 771 920 831 animos
949 782 1144 843 conuertere,
1174 780 1208 832 ut
1231 781 1308 833 esset

226 877 287 919 non
310 856 476 918 incolarum
498 855 587 917 modo
609 855 757 917 alimentis
778 856 920 935 frugifera
943 855 1050 927 insula,
1072 856 1123 916 sed
1145 855 1233 918 urbis
1248 858 1307 918 Ro·

224 960 289 1004 mae
318 950 406 1021 atque
428 941 542 1013 ltaliae,
571 941 600 1001 id
629 942 708 1019 quod
739 940 838 1001 multis
860 958 948 1020 saepe
974 941 1199 1020 tempestatibus
1229 941 1307 1003 lece·

225 1037 281 1101 rat,
303 1045 454 1089 annonam
477 1025 606 1097 leuaret,
629 1026 665 1086 ab
688 1027 858 1105 Agathyrna
879 1026 1064 1087 inconditam
1086 1025 1307 1089 multitudinem
1328 1034 1353 1085 tt

176 1122 204 1173 tn
225 1132 328 1175 secum
350 1114 380 1175 in
403 1111 514 1174 ltaliam
541 1112 713 1172 transnexit.
758 1120 899 1190 quattuor
920 1110 999 1171 milia
1026 1110 1181 1172 bominum
1212 1122 1307 1179 erant

226 1200 309 1260 minti
338 1216 375 1259 ex
403 1198 485 1258 omni
514 1195 711 1269 conluuione,
741 1197 862 1269 exules,
895 1194 1046 1267 obaerati,
1081 1195 1216 1275 capitalia
1247 1198 1309 1259 ausi

227 1284 372 1364 plerique,
395 1301 462 1343 cum
484 1283 515 1344 in
539 1282 709 1343 ciuitatibus
733 1282 794 1343 suis
815 1300 849 1343 ac
871 1280 926 1343 sub
949 1278 1067 1360 legibus
1088 1282 1237 1353 uixerant,
1271 1292 1308 1351 et,

227 1378 385 1451 postquam
406 1388 458 1430 eos
486 1386 522 1429 ex
550 1366 640 1427 uariis
667 1366 765 1429 causis
795 1367 914 1427 lectuna
942 1366 1046 1427 similis
1074 1366 1308 1445 conglobauerat

178 1461 207 1512 18
228 1455 442 1535 Agathyrnam,
464 1471 519 1533 per
540 1452 696 1513 latrocinia
718 1451 909 1532 adrapinam
931 1450 1091 1512 tolerantes
1113 1452 1217 1513 uitam.
1256 1453 1310 1515 bos
1328 1460 1354 1511 tt

230 1557 328 1619 neque
351 1537 520 1617 relinquere
543 1536 693 1599 Laeuinus
716 1536 746 1599 in
769 1536 865 1598 insula
892 1544 955 1597 tum
978 1535 1107 1616 primum
1134 1554 1214 1597 noua
1238 1556 1310 1618 pace

229 1624 413 1686 coalescente
434 1623 517 1684 uelut
546 1622 697 1683 materiam
720 1622 868 1683 nouandis
896 1620 985 1682 rebus
1016 1620 1085 1682 satis
1107 1629 1205 1682 tutum
1230 1632 1310 1684 ratus

229 1719 289 1779 est,
320 1719 351 1770 et
379 1708 500 1788 Reginis
529 1707 596 1769 usui
623 1708 717 1768 futuri
745 1716 832 1768 erant
861 1706 895 1767 ad
926 1705 1129 1785 populandum
1159 1706 1311 1769 Bruttium

229 1812 333 1873 agrum
355 1794 506 1854 adsuetam
528 1791 691 1854 latrociniis
714 1791 926 1872 quaerentibus
951 1808 1082 1852 manum.
1118 1799 1148 1851 et
1171 1793 1254 1871 quod
1277 1794 1311 1854 ad

230 1879 360 1941 Siciliam
383 1879 497 1947 attinet.
519 1896 555 1939 eo
577 1897 659 1939 anno
681 1877 859 1939 debellatum
882 1884 935 1938 est
1334 1884 1357 1935 a

180 1969 217 2026 m
317 1965 351 2026 ln
381 1963 522 2043 llispania
552 1963 701 2043 principio
728 1963 809 2025 ueris
836 1962 868 2023 P.
892 1961 991 2041 Scipio
1020 1959 1147 2022 nauibus
1175 1960 1313 2024 deductis
1360 2012 1361 2025 ,

231 2051 421 2130 euocatisque
444 2048 540 2110 edicto
559 2047 758 2109 Tarraconem
780 2046 930 2110 sociorum
951 2045 1067 2107 auxiliis
1089 2045 1213 2107 classem
1239 2067 1313 2109 one·

195 2138 383 2216 trariasque
411 2135 520 2197 ostium
548 2134 618 2196 inde
647 2133 750 2195 lliberi
777 2132 908 2194 fluminis
937 2140 1038 2212 petere
1067 2129 1159 2192 iubet.
1205 2135 1312 2196 eodem

232 2223 366 2303 legiones
387 2240 424 2282 ex
444 2219 578 2282 bibernis
599 2219 765 2280 conuenire
787 2237 854 2279 cum
877 2217 1018 2288 iussisset,
1042 2217 1104 2296 ipse
1127 2236 1195 2279 cum
1221 2219 1314 2298 quin·
1361 2249 1362 2304 p

233 2327 291 2388 que
313 2307 433 2368 milibus
454 2305 603 2366 sociorum
631 2303 668 2366 ab
698 2305 868 2365 Tarracone
897 2303 1049 2382 proiectus
1077 2301 1113 2361 ad
1145 2305 1314 2366 exercitum
1335 2305 1362 2362 tt

233 2403 287 2456 est.
331 2410 391 2471 quo
414 2409 482 2452 cum
504 2389 650 2462 uenisset,
677 2389 880 2469 adloquendos
901 2387 1026 2448 maxime
1053 2396 1170 2448 ueteres
1193 2389 1315 2458 milites,
1361 2399 1362 2402 ’

234 2479 285 2559 qui
305 2478 395 2538 tantis
416 2477 631 2557 superfuerunt
652 2473 799 2546 cladibus,
829 2481 910 2534 ratus
935 2471 1076 2533 contione
1097 2471 1244 2534 aduocata
1276 2475 1316 2536 ita

197 2573 212 2622 3
233 2563 388 2625 disseruit:
408 2555 515 2622 ‘Nemo
531 2570 601 2622 ante
617 2579 663 2621 me
679 2578 777 2621 nouus
792 2560 952 2639 imperator
969 2556 1110 2619 militibus
1125 2558 1196 2630 suis,
1213 2559 1317 2638 prius-

233 2666 322 2727 quam
350 2664 441 2727 opera
470 2663 573 2708 eorum
601 2663 673 2706 usus
696 2653 788 2718 esset,
816 2644 924 2724 gratias
945 2660 1032 2721 agere
1054 2642 1118 2704 iure
1146 2660 1181 2704 ac
1205 2645 1316 2706 merito

195 2733 345 2813 tpotuit;
375 2751 423 2793 me
445 2730 548 2804 uobis,
569 2731 742 2810 priusquam
765 2727 950 2809 prouinciam
977 2736 1028 2789 aut
1048 2737 1144 2788 castra
1168 2728 1319 2797 uiderem,
1343 2737 1362 2788 A

233 2817 377 2895 obligauit
404 2819 539 2886 fortuna,
568 2815 698 2895 primum
727 2815 806 2894 qnod
834 2832 868 2875 ea
898 2813 1007 2892 pietate
1028 2829 1098 2890 erga
1119 2821 1235 2892 patrem
1261 2833 1318 2894 pa-

197 2915 393 2980 ttmumque
415 2919 513 2962 meum
536 2901 622 2962 uiuos
643 2909 838 2979 mortuosque
859 2897 964 2971 fuistis,
990 2897 1097 2958 deinde
1120 2897 1200 2976 quod
1223 2901 1319 2960 amis-

236 3006 300 3050 sam
321 2995 401 3048 tanta
424 2986 506 3048 clade
527 2986 702 3065 prouinciae
724 2984 942 3066 possessionem
972 2981 1117 3061 integram
1145 2991 1176 3043 et
1197 2985 1320 3064 populo

199 3085 215 3134 6
237 3074 371 3136 Romano
386 3082 416 3134 et
429 3072 594 3134 successori
608 3071 680 3132 mibi
703 3073 814 3138 uirtute
828 3077 927 3131 uestra
944 3066 1123 3147 optinuistis.
1167 3068 1221 3129 sed
1246 3087 1319 3131 cum

237 3160 293 3220 iam
316 3157 499 3237 benignitate
521 3157 610 3218 deum
632 3156 661 3218 id
683 3173 822 3236 paremus
843 3162 931 3233 atque
954 3169 1091 3232 agamus,
1114 3169 1176 3212 non
1201 3162 1236 3214 ut
1259 3155 1320 3234 ipsi
1343 3161 1362 3213 a

235 3262 408 3306 maneamus
429 3243 460 3304 in
483 3241 641 3322 Hispania,
670 3242 722 3303 sed
750 3259 789 3301 ue
812 3239 904 3301 Poeni
932 3245 1086 3310 maneant,
1116 3255 1172 3298 nec
1202 3247 1237 3300 ut
1260 3257 1319 3318 pro

237 3331 302 3411 ripa
317 3328 420 3390 Hiberi
434 3337 547 3389 stantes
561 3344 714 3388 arceamus
728 3324 855 3386 transitu
870 3323 973 3392 bostis,
995 3321 1046 3384 sed
1068 3329 1102 3382 ut
1116 3320 1195 3382 ultro
1215 3331 1320 3386 trans-

239 3449 440 3462 ————=

307 3503 320 3552 l
340 3496 420 3549 cladis
437 3495 472 3548 Ρ
488 3493 587 3548 claudis
604 3494 636 3545 Ρ
650 3493 687 3556 lb
707 3492 733 3543 ul
751 3495 770 3556 ς
787 3491 827 3544 sni
845 3489 885 3557 ΡΙΙ
900 3492 916 3542 6
928 3489 1024 3557 praetia
1036 3488 1079 3556 ΡΙ
1094 3490 1125 3541 tt
1137 3491 1265 3556 agntyrnn
1281 3493 1322 3556 Pp

240 3569 271 3620 13
283 3581 341 3618 cum
353 3565 464 3630 Madvig
475 3571 503 3616 et
514 3578 572 3615 cnm
584 3563 626 3630 Pil
639 3560 787 3613 ciuitatibus
800 3575 835 3610 σω
846 3557 999 3611 ciuitatebus
1012 3557 1043 3607 ΡΙ
1056 3556 1066 3624 u
1079 3565 1106 3608 et
1118 3555 1195 3624 etPl
1210 3559 1244 3610 lb
1255 3573 1286 3610 ac
1302 3567 1322 3624 ς

238 3641 265 3686 at
282 3635 306 3687 P
320 3633 330 3700 Ι
343 3636 374 3686 ld
393 3633 526 3684 laenianos
549 3630 590 3698 Pl
604 3631 629 3682 in
650 3635 683 3694 ς,
707 3643 758 3680 ont
781 3627 804 3678 Ρ
818 3626 828 3694 ΙΙ
845 3630 873 3679 rt
895 3623 1029 3677 nonamdis
1045 3627 1070 3676 P
1083 3627 1094 3690 Ι
1108 3625 1140 3676 ts
1159 3624 1254 3678 millib.
1278 3628 1323 3694 ΡΙ

239 3705 271 3755 tt
289 3701 468 3819 superfuerant
485 3699 571 3767 ς130
590 3697 664 3750 nobis
688 3700 707 3761 ς
727 3695 801 3748 nouis
819 3695 910 3760 Ρ132
929 3707 1013 3745 meum
1038 3695 1058 3756 ς
1079 3706 1138 3744 enm
1156 3693 1181 3743 P
1194 3691 1205 3760 l
1218 3695 1253 3748 35
1274 3710 1321 3762 pa·

239 3784 292 3822 rem
