2734 4250
95 142 117 175 a.
131 131 184 176 cn.
196 133 244 177 aaa.
257 132 297 175 am
499 114 593 169 uacat
611 114 700 182 xxvt
717 118 750 170 ao
1129 116 1169 176 31

92 300 160 352 rato
175 287 305 351 Leucata
320 289 531 367 promunturio
549 307 617 351 cum
640 289 771 351 uenisset
785 288 978 369 Naupactum,
1000 290 1171 371 Anticyram

92 374 165 437 inde
179 393 212 436 se
227 373 390 455 petiturum
405 374 505 449 edixit,
528 382 561 436 nt
573 384 693 454 praesto
709 374 749 436 ibi
765 372 877 454 Scopas
891 374 1047 455 Aetolique
1062 386 1170 438 essem.

93 461 150 524 sita
172 462 314 540 Anticyra
342 469 387 521 est
411 460 442 520 in
466 459 591 522 Locride
619 460 702 521 laeua
723 469 808 540 parte
829 460 927 522 sinum
951 459 1170 523 Corinthiacum
1193 471 1212 523 t

92 545 229 607 intranti.
265 544 360 606 breue
380 555 460 606 terra
474 544 532 607 iter
546 564 592 619 eo,
612 544 715 609 breuis
734 546 882 625 nauigatio
897 546 933 606 ab
949 544 1100 626 Naupacto
1115 556 1170 611 eat

54 642 69 691 o
91 630 182 692 tertio
204 630 299 691 lermc
321 638 389 710 poat
409 629 457 691 die
479 630 630 710 utrimque
652 631 818 713 oppugnari
841 640 946 713 coepta
961 640 1014 693 est
1051 630 1172 711 grauior
1193 642 1211 693 t

92 734 109 777 a
131 714 208 777 mari
231 715 416 795 oppugnatio
438 724 511 789 erat,
533 716 600 795 qnia
616 725 646 777 et
667 724 816 778 tormenta
838 717 1051 797 machinaeque
1073 718 1171 779 omnis

91 801 215 881 geneda
235 801 266 862 in
282 798 410 862 nauibus
424 811 519 875 eraut,
542 810 572 868 ct
586 801 712 862 Romani
727 801 797 863 inde
812 800 1034 883 oppugnabant
1070 802 1171 882 itaque
1213 848 1217 857 .

92 887 173 949 intra
197 902 309 966 paucos
330 884 393 947 dies
413 894 533 965 recepta
550 885 622 947 urba
637 903 693 966 per
706 885 886 951 deditionem
903 886 1013 949 Aetolis
1033 887 1169 962 traditur,

91 971 204 1053 praeda
225 989 262 1032 ex
276 979 363 1051 pacto
377 970 519 1033 Romania
533 971 630 1033 cessit.
667 972 782 1033 litterae
796 972 928 1034 Laeuino
944 971 1076 1034 redditae
1097 991 1171 1034 con·
1192 982 1210 1033 4

41 1065 71 1115 to
92 1057 189 1119 aulem
206 1073 274 1117 eum
290 1064 444 1136 apsentem
459 1055 648 1129 declaratum,
671 1065 702 1118 et
716 1074 918 1119 successorem
933 1056 1039 1119 uenire
1053 1057 1085 1119 P.
1102 1057 1169 1119 Sul-

90 1142 215 1223 picium.
266 1149 397 1201 ceterum
433 1140 576 1202 diuturno
610 1140 652 1203 ibi
679 1141 785 1203 morbo
818 1142 970 1223 inplicitus
997 1142 1092 1204 serius
1116 1161 1170 1223 spe

92 1227 229 1289 omnium
251 1224 375 1285 Romam
396 1226 491 1287 uenit.

179 1311 219 1373 ll.
231 1310 386 1372 llarcellna
397 1328 465 1372 cum
477 1309 575 1372 idibus
585 1311 698 1373 llartiia
708 1311 893 1374 consulatum
905 1311 1018 1384 inisset,
1033 1320 1169 1374 acuatum
1192 1322 1207 1373 5

93 1416 129 1459 eo
147 1397 197 1458 die
210 1396 302 1457 moria
316 1396 405 1457 modo
420 1414 508 1458 causa
522 1394 634 1469 babuit,
653 1397 808 1476 protessus
824 1396 896 1458 nibil
911 1416 943 1459 ae
958 1405 1081 1477 apsente
1096 1415 1169 1459 con-

42 1492 70 1543 tt
94 1482 158 1563 lega
181 1499 281 1561 neque
302 1481 339 1542 dc
362 1480 536 1561 republica
558 1498 656 1561 neque
679 1482 715 1543 dc
735 1482 900 1563 prouinciis
921 1491 1070 1544 acturum:
1094 1483 1207 1545 sciret

93 1586 126 1628 ae
148 1566 314 1645 frequentis
329 1565 444 1627 Siculos
458 1584 553 1646 prope
574 1565 679 1627 urbem
702 1568 733 1628 iu
756 1565 834 1628 uillis
852 1574 1083 1647 optrectatornm
1099 1585 1169 1629 auo-

93 1670 161 1713 rum
184 1670 266 1726 eaae;
295 1650 403 1730 quibua
427 1659 542 1713 tantum
571 1650 675 1713 abesae
696 1660 730 1713 ut
750 1670 806 1733 per
827 1670 859 1714 se
882 1670 942 1713 non
966 1652 1053 1715 liceat
1072 1652 1168 1734 palam

93 1738 206 1799 Romae
228 1736 352 1797 crimina
374 1737 442 1797 dcta
463 1736 499 1796 ab
521 1736 649 1798 inimicis
663 1736 796 1817 uulgare,
818 1746 859 1811 ut,
883 1738 914 1799 ni
929 1738 1103 1800 simularent
1116 1738 1169 1799 ali·
1191 1750 1210 1800 t

95 1840 186 1901 quem
208 1821 265 1884 sibi
288 1820 424 1882 timorem
446 1820 570 1883 absente
592 1821 715 1903 conlega
737 1822 856 1884 dicendi
879 1822 916 1883 de
946 1823 1068 1887 consule
1095 1842 1169 1897 ease,

40 1916 73 1967 ao
94 1908 160 1987 ipae
182 1906 225 1969 cia
246 1906 394 1986 extemplo
416 1906 539 1969 daturus
552 1915 688 1969 senatum
709 1908 807 1969 luerit.
844 1907 895 1969 ubi
912 1908 1030 1987 quidem
1046 1908 1169 1989 conlega

94 1994 238 2065 uenisset,
261 2010 322 2053 non
346 2007 503 2071 passurum
529 1992 687 2071 quicquam
709 1992 793 2074 prius
821 1993 882 2074 aqi,
911 2011 1000 2072 quam
1022 2002 1057 2055 ut
1078 1993 1170 2056 Siculi
1296 2057 1302 2072 ,

95 2079 126 2142 in
148 2086 287 2140 senatum
310 2076 547 2140 introducantur.
583 2077 723 2140 dilectum
745 2070 840 2160 prope
863 2097 879 2141 a
901 2076 940 2140 Μ.
956 2078 1094 2141 Cornelio
1115 2095 1170 2160 per
1191 2088 1210 2140 o-

94 2173 186 2226 totam
202 2162 331 2225 Siciliam
346 2160 487 2238 habitum,
503 2173 536 2225 ut
550 2181 639 2242 wem
652 2163 783 2243 plurumi
798 2172 936 2244 questum
951 2164 987 2225 de
1002 2183 1033 2226 se
1045 2165 1168 2226 Romam

96 2250 253 2323 uenirent;
268 2247 395 2309 eundem
410 2247 515 2310 litteris
529 2248 609 2310 lalsia
624 2250 729 2311 urbem
744 2248 883 2329 inpletae,
898 2248 1008 2310 bellum
1024 2249 1054 2310 in
1070 2249 1168 2311 Sicilia

40 2347 72 2397 2⁵
99 2352 174 2406 ease,
197 2342 232 2395 ut
253 2350 336 2394 auam
358 2332 473 2394 laudem
495 2333 619 2395 minuat
656 2333 798 2396 moderati
814 2333 904 2396 animi
919 2334 1043 2414 gloriam
1066 2352 1102 2395 eo
1123 2335 1212 2396 dieo

95 2420 220 2498 adeptus
242 2417 347 2479 consul
368 2426 503 2480 senatum
527 2419 652 2494 dimisit3
680 2437 716 2481 ao
742 2436 837 2500 propo
862 2419 1005 2481 iustitium
1035 2418 1167 2480 omnium

94 2521 195 2566 rernm
209 2503 343 2564 tutorum
359 2501 523 2578 uidebatur,
537 2504 635 2566 donec
649 2503 724 2566 alter
735 2504 842 2566 consul
855 2503 890 2564 ad
906 2503 1012 2566 urbem
1027 2504 1168 2566 uenisset

95 2590 198 2660 otium,
220 2596 254 2648 ut
275 2586 366 2660 solet,
394 2588 534 2650 excitauit
554 2587 650 2670 plebia
671 2607 824 2654 rumores:
854 2589 923 2652 belli
944 2588 1168 2652 diuturnitatem
1192 2597 1224 2650 to

96 2685 125 2735 et
136 2681 268 2736 uastatos
278 2689 366 2752 agros
380 2672 457 2734 circa
473 2672 588 2746 urbem,
602 2691 659 2753 qua
674 2675 784 2738 inlesto
798 2674 915 2754 agmine
929 2674 1000 2736 isset
1010 2673 1168 2748 Hannibal,

41 2774 73 2824 to
95 2760 265 2820 exhaustam
288 2756 444 2821 dilectibus
465 2757 576 2820 ltaliam
604 2768 635 2820 et
662 2777 757 2840 prope
779 2759 940 2840 quotannis
961 2778 1063 2822 caesos
1084 2778 1168 2822 caer·

96 2846 172 2906 citus
193 2841 405 2922 querebantur,
427 2853 458 2904 et
478 2844 618 2906 consules
635 2844 792 2907 bellicosos
814 2844 901 2908 ambo
924 2845 1005 2907 uiros
1026 2863 1169 2924 auumque
1191 2853 1223 2905 tt

97 2929 185 2990 nimis
211 2939 243 2988 et
270 2927 384 2990 lerooes
412 2937 541 3002 eremos,
570 2929 621 3008 qui
649 2929 697 2992 uel
724 2929 755 2992 iu
778 2947 851 3011 pace
873 2931 1029 3010 tranquilla
1058 2930 1167 2992 bellum

95 3015 222 3112 exeitme
244 3022 382 3093 possent,
412 3013 521 3075 nedum
550 3014 579 3075 io
609 3013 689 3076 bello
718 3015 864 3097 respirare
892 3015 1041 3078 ciuitatem
1070 3016 1169 3077 forent

95 3116 220 3181 passum

170 3253 185 3304 1
204 3255 352 3316 autecyram
370 3245 447 3316 Plu
464 3248 577 3316 pilarum
596 3247 762 3316 Plpraedtn
780 3250 805 3301 P
836 3253 852 3304 3
871 3249 968 3302 locride
986 3253 1006 3314 ς
1022 3248 1105 3302 locide
1122 3249 1169 3316 Pl

95 3316 287 3386 coryntbiaeam
307 3315 378 3396 de
395 3329 465 3368 mare
482 3315 558 3383 1²18
576 3316 699 3368 ditionem
718 3317 750 3367 Ρ1
772 3316 814 3368 did
828 3317 921 3370 tionem
939 3317 973 3370 Ρ
986 3317 1024 3384 119
1060 3323 1117 3370 acto
1136 3318 1168 3368 12¹

95 3392 222 3453 naupacto
239 3381 456 3454 1³²1(mterlm)
479 3383 579 3437 litterae
601 3387 671 3437 ocni.
698 3383 886 3436 Weissenborn
911 3385 1011 3438 litterae
1036 3331 1168 3454 liutem)

94 3455 183 3507 usur.
195 3452 325 3515 lutom-
340 3451 405 3513 t'crt.
421 3451 490 3522 (ibi)
507 3451 608 3504 litterae
621 3456 632 3517 l
645 3455 677 3505 14
689 3467 717 3504 se
730 3453 859 3572 acam)
873 3455 904 3507 to
916 3451 976 3504 licta
991 3453 1087 3518 Ussing
1099 3453 1166 3505 edlta

94 3521 153 3574 licta
170 3523 197 3574 Ρ
209 3521 278 3574 edita
296 3517 409 3588 fletaque
427 3521 574 3573 Sabellicus
591 3519 658 3572 edita
677 3520 788 3586 liudo&
806 3519 837 3590 <a
872 3535 943 3573 anam
956 3519 1094 3588 iuu)ldiam
1106 3519 1167 3574 dcta

95 3594 163 3643 masc
174 3590 264 3643 Hm.
274 3587 388 3640 divellor
400 3587 490 3654 praes.
504 3589 543 3640 sd.
556 3589 567 3656 Ι
580 3591 613 3642 22
626 3588 740 3641 comelin
758 3605 812 3640 raa,
825 3606 861 3640 cre
874 3589 1001 3642 cornelius
1013 3590 1037 3640 P
1047 3589 1057 3656 l
1069 3591 1101 3642 28
1113 3589 1168 3656 ple·

94 3659 134 3711 uia
150 3658 192 3728 ΡΙ
205 3655 400 3711 diuturnitatem
418 3661 438 3722 ς
455 3655 563 3709 Crivier
579 3656 746 3709 diuturnitate
764 3659 788 3709 P
802 3656 812 3724 Ι
826 3660 859 3711 30
876 3655 939 3727 (et)
955 3657 1105 3710 exhaustam
1123 3661 1143 3722 ς
1158 3658 1170 3726 Ι

94 3742 173 3796 prope
192 3726 277 3844 Gml'
295 3739 370 3792 prore
379 3725 430 3843 Is!
442 3724 586 3793 quodannis
604 3725 637 3777 Ρ*
654 3725 724 3793 qnod
742 3726 832 3777 cannia
850 3726 884 3778 1²²
895 3725 906 3793 Ι
918 3739 1008 3778 caesus
1024 3727 1066 3792 Pp
1080 3727 1113 3779 ³2
1131 3726 1168 3778 le·

94 3811 172 3859 rocca,
189 3796 238 3848 aad
285 3809 321 3843 eac
338 3807 361 3856 a,
