2734 4250
200 129 239 188 60
591 128 683 182 LlBEll
700 128 765 194 ΧΠ,
783 131 825 184 62.
837 132 870 183 63
1140 157 1162 190 a.
1170 157 1192 190 1.
1202 145 1267 189 1536

60 341 62 344 -
149 311 176 363 11
198 301 228 363 in
251 301 354 363 decem
376 319 472 362 annos
495 300 682 380 respublica
704 301 807 362 eodem
831 301 961 363 stetisset
981 308 1068 363 statu.
1107 301 1180 363 baec
1200 319 1268 381 pro

198 395 298 448 curata
320 393 449 466 uotaque
472 405 506 447 ex
529 386 613 448 libris
635 384 787 465 Sibyllinis
808 404 915 466 magna
936 403 973 447 ex
994 394 1078 466 parte
1100 387 1270 448 leuauerant

199 470 343 550 religione
364 471 488 533 animos.

147 565 185 622 33
286 557 448 619 Consulum
470 555 692 635 designatorum
706 556 781 617 alter
792 554 964 629 Flaminius,
988 555 1035 616 cui
1057 573 1110 616 eae
1131 555 1271 634 legiones,

200 659 275 720 quae
286 641 455 703 Placentiae
466 640 673 713 hibernabant,
689 648 770 702 sorta
786 648 958 713 euenerant,
974 639 1104 702 edictum
1119 649 1149 700 et
1163 639 1272 701 litteras
1289 653 1302 702 t

199 726 234 786 ad
250 727 404 789 consulem
419 725 507 799 misit,
531 733 564 786 ut
578 726 602 786 is
618 725 766 788 exercitus
779 725 877 788 idibus
891 724 1004 787 llartiis
1020 725 1145 786 Arimini
1159 725 1272 786 adesset

162 823 176 873 1
199 812 229 872 in
252 812 366 873 castris.
410 810 458 872 hic
481 810 511 872 in
535 810 690 890 prouincia
721 811 909 873 consulatum
931 809 1008 870 inire
1031 809 1189 872 consilium
1212 819 1273 870 erat

199 896 324 957 memori
339 903 475 958 ueterum
487 895 682 957 certaminum
694 913 763 957 cum
777 893 921 976 patribus,
936 913 1013 974 quae
1024 894 1165 957 tribunus
1181 894 1273 975 plebis

201 990 231 1042 et
259 998 333 1060 quae
355 989 458 1061 postea
487 981 593 1042 consul
619 979 704 1060 prius
725 981 762 1041 de
783 979 958 1052 consulatu,
987 981 1038 1059 qui
1064 978 1273 1058 abrogabatur.

162 1079 177 1127 1
199 1066 267 1128 dein
289 1065 326 1127 de
347 1065 498 1145 triumpho
523 1065 675 1138 babuerat,
698 1065 815 1128 inuisus
836 1065 925 1126 etiam
946 1064 1082 1145 patribus
1103 1063 1143 1126 ob
1167 1083 1272 1128 nouam
1291 1076 1315 1126 11

199 1152 305 1230 legem,
320 1168 409 1229 quam
422 1150 457 1221 Ο.
470 1149 607 1212 Claudius
622 1149 762 1213 tribunus
774 1150 869 1231 plebis
881 1150 1023 1213 aduersus
1033 1158 1173 1212 senatum
1188 1160 1273 1230 atquo

200 1255 261 1298 uno
277 1245 394 1317 patrum
410 1235 568 1298 adiuuante
583 1235 614 1298 C.
626 1235 771 1297 Flaminio
786 1236 903 1309 tulerat,
919 1254 958 1296 ne
971 1235 1039 1314 quis
1052 1244 1175 1296 senator
1190 1236 1274 1297 cuiue

200 1331 320 1384 senator
342 1329 427 1402 pater
448 1320 550 1382 luisset
571 1320 748 1382 maritimam
772 1338 895 1394 nauem,
918 1337 994 1400 quae
1015 1320 1197 1400 plusquam
1218 1329 1274 1383 tre

162 1419 177 1470 1
199 1415 354 1470 centorum
383 1407 593 1485 amphorarum
623 1414 716 1479 esset,
744 1405 876 1469 baberet
922 1405 951 1467 id
978 1405 1050 1468 satis
1077 1405 1215 1468 habitum
1242 1407 1274 1466 ad

201 1494 316 1554 tructus
331 1509 367 1552 en
382 1491 461 1569 agris
486 1491 661 1564 uectandos;
683 1500 824 1570 quaestus
847 1491 944 1552 omnis
961 1489 1094 1571 patribus
1116 1491 1276 1554 indecorus
1295 1501 1317 1551 tt
1347 1556 1348 1583 ,

202 1579 292 1639 uisus.
329 1593 378 1637 res
400 1593 453 1654 per
475 1593 619 1638 summam
634 1575 859 1637 contentionem
877 1583 940 1636 acta
963 1575 1104 1637 inuidiam
1126 1585 1202 1656 aput
1222 1595 1275 1639 no

199 1661 341 1723 bilitatem
353 1659 466 1722 suasori
479 1659 551 1739 legis
561 1660 716 1736 Flaminio,
731 1661 865 1722 fauorem
876 1668 948 1740 aput
962 1660 1079 1741 plebem
1090 1661 1276 1740 alterumque

162 1745 268 1807 sindo
290 1744 476 1806 consulatum
498 1747 624 1825 peperit.
663 1744 701 1808 ob
723 1745 798 1808 haec
819 1755 901 1807 ratus
920 1745 1058 1825 auspiciis
1080 1746 1276 1809 ementiendis

200 1830 431 1926 Latinarumque
445 1829 584 1891 feriarum
599 1848 681 1892 mora
704 1838 735 1891 et
756 1829 963 1893 consularibus
978 1829 1042 1893 aliis
1056 1829 1276 1911 impedimentis

200 1923 370 1977 retenturos
393 1933 424 1976 se
446 1915 477 1975 in
500 1916 585 1990 urbe,
607 1916 745 1978 simulato
767 1917 875 1977 itinere
895 1915 1031 1995 priuatus
1052 1915 1128 1977 clam
1150 1917 1184 1978 in
1208 1935 1277 1998 pro·
1295 1927 1319 1976 11

162 2012 177 2062 6
199 2000 328 2063 uinciam
344 1999 424 2060 abiit.
462 2017 495 2060 ea
512 2018 560 2063 res
581 2001 634 2062 ubi
649 2001 746 2080 palam
765 2001 840 2063 lacta
862 2009 916 2076 est,
939 2019 1048 2062 nouam
1063 2001 1190 2081 insuper
1205 2003 1276 2064 iram

198 2085 313 2149 infestis
335 2084 392 2147 iam
414 2092 483 2147 anta
505 2085 639 2167 patribus
661 2086 770 2149 mouit:
799 2105 860 2149 non
887 2101 955 2149 cum
984 2097 1089 2149 senatu
1112 2088 1204 2149 modo
1227 2087 1276 2151 sed

162 2174 254 2235 tiam
277 2188 345 2233 cum
368 2171 425 2233 diis
445 2170 661 2233 immortalibus
676 2171 709 2234 C.
721 2172 899 2234 Flaminium
921 2171 1032 2234 bellum
1052 2191 1168 2253 gerere.
1203 2194 1277 2237 con·
1346 2165 1347 2212 t

199 2258 293 2321 sulem
317 2266 385 2319 ante
407 2256 592 2338 inauspicato
614 2258 725 2319 sactum
752 2256 964 2319 reuocantibus
992 2276 1027 2318 ex
1050 2258 1114 2338 ipsa
1135 2260 1202 2321 acie
1224 2259 1277 2322 diis

180 2353 287 2424 atque
314 2342 486 2405 bominibus
515 2362 577 2404 non
608 2342 757 2422 paruisse3
787 2361 870 2404 nunc
897 2342 1080 2405 conscientia
1106 2353 1276 2423 spretorum
1294 2352 1318 2401 aa

199 2438 228 2491 et
250 2427 424 2508 Capitolium
454 2438 485 2488 et
512 2427 686 2490 sollemnem
716 2436 854 2489 uotorum
876 2428 1131 2508 nuncupationem
1155 2429 1276 2509 fugisse.

162 2524 236 2575 tue
260 2514 307 2575 die
329 2513 393 2574 initi
417 2514 604 2591 magistratus
626 2511 707 2574 louis
735 2513 838 2594 optimi
860 2512 978 2574 maximi
1005 2512 1150 2593 templum
1173 2516 1276 2586 adiret,
1345 2581 1346 2590 χ

199 2618 237 2660 ne
253 2606 388 2659 senatum
404 2598 520 2659 inuisus
535 2598 598 2677 ipse
614 2606 644 2659 et
658 2596 715 2659 sibi
737 2599 789 2659 uni
805 2598 935 2659 inuisum
953 2598 1069 2660 uideret
1089 2601 1277 2662 consuleret·
1345 2625 1346 2628 ¹

199 2701 267 2763 que,
291 2700 328 2742 ne
350 2680 470 2743 Latinas
491 2682 635 2744 indiceret
656 2682 781 2763 louique
802 2682 910 2744 Latiari
937 2682 1081 2745 sollemne
1102 2702 1224 2747 sacrum
1246 2685 1276 2745 iu

160 2778 175 2828 9
197 2777 299 2829 monte
321 2766 446 2841 laceret,
476 2785 514 2828 ne
536 2768 685 2847 auspicato
714 2769 867 2847 proiectus
891 2768 923 2830 in
945 2768 1122 2849 Capitolium
1145 2770 1182 2831 ad
1208 2778 1319 2834 111111

199 2851 410 2930 nuncupanda,
432 2852 587 2933 paludatus
609 2853 679 2915 inde
694 2871 762 2914 cum
777 2852 932 2916 lictoribus
953 2854 983 2915 in
999 2854 1188 2934 prouinciam
1211 2857 1276 2917 iret.

198 2937 272 2998 lixae
302 2936 390 2996 modo
418 2937 484 2998 sine
512 2937 695 3017 insignibus,
724 2938 789 3000 sine
816 2938 971 3000 lictoribus
998 2940 1166 3019 profectum
1188 2941 1275 3011 clam,

147 3030 176 3082 10
197 3021 307 3093 furtim,
330 3019 408 3082 haud
431 3021 515 3083 aliter
537 3040 626 3101 quam
647 3024 672 3083 si
691 3024 769 3085 exilii
783 3041 872 3086 causa
892 3023 989 3085 solum
1011 3023 1159 3099 uertisset,
1182 3027 1276 3104 magis

284 3192 299 3243 2
319 3193 447 3256 uotaquae
464 3188 506 3256 Pl
519 3187 647 3323 spbillioia
662 3188 705 3257 Pl
734 3204 765 3242 ex
783 3194 803 3255 ς
829 3194 856 3242 et
866 3192 890 3242 Ρ
881 3188 938 3309 Ipsi
955 3194 1033 3255 eaeg
1058 3190 1106 3243 bae
1119 3192 1192 3259 Plo
1210 3207 1275 3245 mar-

199 3260 231 3311 tis
243 3262 266 3311 Ρ
277 3258 312 3325 ll
332 3257 526 3325 prouinciam?
559 3260 588 3310 11
609 3272 684 3324 quem
704 3272 754 3325 que
772 3256 870 3310 eladius
913 3257 1044 3323 'aduerso
1061 3264 1154 3311 senatu
1172 3260 1276 3324 Croni

197 3328 255 3394 adq.
269 3326 310 3393 ΡΙΙ
325 3328 356 3379 12
369 3325 444 3378 cuiae
456 3324 573 3377 llotllius
595 3326 672 3392 quiue
685 3326 727 3393 Pl
742 3328 773 3379 13
785 3332 888 3379 senator
900 3326 933 3376 Ρ
958 3328 1086 3379 senatoris
1096 3327 1130 3378 Ρ
1141 3328 1153 3395 Ι
1166 3332 1199 3382 15
1212 3329 1275 3380 iloc-

198 3402 239 3447 tus
263 3397 303 3456 1²¹,
326 3410 396 3447 corr.
413 3393 446 3446 Ρ
464 3392 474 3462 ΙΙ
492 3393 618 3445 uectando
636 3394 676 3458 P¹,
700 3410 770 3445 corr.
789 3394 900 3461 Ρ116
924 3408 1040 3447 summm
1060 3395 1102 3461 Ρ,
1125 3411 1197 3448 eon.
1217 3396 1276 3463 Ρ1

201 3467 229 3516 11
244 3476 349 3515 suasore
368 3460 408 3529 ΡΙΙ
422 3462 524 3527 plenem
536 3461 578 3528 ΡΙΙ
594 3463 623 3515 13
641 3460 760 3514 feriarum
778 3477 848 3516 mora
859 3461 895 3513 Ρ
920 3460 1096 3516 tertiarumora
1107 3463 1141 3515 Ρ
1153 3464 1164 3531 ΙΙ
1177 3466 1211 3517 22
1223 3466 1274 3516 iam

198 3530 232 3581 Ρ
258 3544 298 3581 am
317 3529 465 3595 P¹lmouit
481 3529 515 3580 Ρ
541 3530 996 3597 11111ΡΙΙ25111Ρ11111ς
1022 3546 1055 3583 ne
1071 3548 1138 3585 nunc
1156 3533 1273 3600 Plecu-

197 3596 304 3648 sclentia
323 3601 466 3660 spretorum
486 3598 567 3649 Gron.
594 3598 922 3666 conscientiaslpraetomm
939 3600 987 3667 Pp
1005 3601 1036 3651 27
1056 3600 1147 3666 optimi
1167 3602 1272 3652 maximi

198 3670 217 3727 ς
243 3677 284 3714 om
303 3662 335 3713 Ρ
361 3665 403 3714 om
421 3663 454 3712 Ρ
466 3664 477 3729 ΙΙ
490 3666 521 3717 23
539 3665 595 3731 ipse
614 3669 633 3728 ς
657 3665 1273 3735 11111ἿΙ291111111112113011111111111111)1

198 3728 325 3846 capitolipp¹
337 3729 370 3778 Ρ
389 3728 399 3794 ΙΙ
417 3731 447 3781 31
468 3729 595 3795 paludatis
612 3733 635 3781 P
650 3732 660 3797 l
678 3734 711 3784 32
729 3732 861 3799 proiectus
879 3732 939 3802 ΡΙ
957 3735 989 3786 33
1012 3734 1062 3787 and
1080 3736 1127 3803 ΡΙ
1144 3750 1223 3789 causa
1242 3736 1275 3787 Ρ

197 3811 276 3849 cauca
