2734 4250
207 101 268 159 220
587 101 682 156 urere
699 100 794 167 rrum,
812 103 853 154 ae.
866 104 898 154 aa
1150 127 1235 162 ..ue
1246 119 1284 158 no

148 351 150 354 Ι
205 282 365 335 uenerunt.
403 284 433 335 et
454 274 550 354 primo
573 275 697 354 imperio
719 274 877 352 minisque,
906 273 1013 334 deinde
1035 274 1209 334 auctoritate
1231 274 1282 334 de·

205 359 355 432 terrendo,
378 368 539 438 postremo,
562 370 595 420 ut
609 360 708 419 omnia
729 377 807 419 uana
827 367 921 429 erant,
943 356 1027 418 obliti
1044 359 1200 419 maiestatis
1214 377 1282 438 pre·

207 443 291 505 cibus
312 444 454 521 agebant,
485 462 523 504 ne
544 445 708 522 proderent
730 444 854 523 patriam
877 443 996 522 tyranni
1019 452 1089 504 ante
1111 443 1283 504 satellitibus

168 539 235 590 tet
257 538 319 589 tum
350 529 576 608 corruptoribus
604 529 761 588 exercitus.
804 529 856 589 sed
884 527 991 588 surdae
1012 529 1048 589 ad
1076 529 1175 588 omnia
1197 547 1283 589 aures

206 616 371 674 concitatae
393 613 591 674 multitudinis
614 623 708 684 erant,
732 631 788 673 nec
810 614 926 673 minore
949 613 1030 673 intus
1051 615 1081 673 ui
1101 631 1189 692 quam
1212 614 1315 674 forise
1361 650 1362 663 ,

205 709 309 777 portae
324 698 568 777 effringebantur,
584 698 771 777 effractisque
782 697 922 758 omnibus
936 707 999 758 toto
1011 697 1162 778 Hexapylo
1178 717 1282 777 agmen
1361 748 1362 755 ,

168 794 183 842 t
205 791 358 862 receptum
382 793 435 844 est.
473 795 625 862 praetores
646 783 676 843 in
698 783 893 843 Achradinam
918 800 985 842 curn
1009 783 1165 843 iuuentute
1186 801 1283 863 popu·
1361 810 1362 845 Τ

206 867 311 928 larium
326 869 512 946 confugiunt.
545 868 743 928 mercennarii
759 867 866 928 milites
879 868 1081 946 perfugaeque
1096 877 1127 928 et
1140 867 1282 946 quidquid
1361 890 1362 911 ³

168 953 354 1030 eregiorum
377 953 503 1014 militum
526 952 680 1033 Syracusis
709 960 773 1012 crat
793 970 899 1031 agmen
930 952 1059 1012 hostium
1081 961 1200 1030 augent
1245 953 1283 1013 ita
1361 1004 1362 1007 ,

206 1037 372 1098 Achradina
388 1056 507 1117 quoquc
523 1037 619 1117 primo
635 1038 748 1117 impetu
768 1039 893 1116 capitur,
916 1046 1147 1115 praetorumque
1162 1037 1221 1098 nisi
1236 1039 1284 1116 qui
1303 1046 1327 1095 to
1361 1050 1362 1093 3

205 1123 283 1182 inter
305 1123 462 1184 tumultum
486 1123 656 1199 effugerunt
679 1139 784 1183 ornnes
802 1122 1031 1182 interficiuntur.
1069 1140 1129 1182 nox
1144 1121 1284 1183 caedibus
1361 1158 1362 1169 κ

167 1208 294 1267 eonem
317 1207 395 1268 fecit.
439 1217 558 1286 postero
587 1207 633 1267 die
663 1207 743 1267 serui
772 1207 807 1267 ad
834 1207 955 1286 piffeum
984 1207 1082 1267 uocati
1112 1217 1142 1267 et
1163 1225 1284 1268 earcere
1361 1212 1362 1245 ³

205 1293 298 1354 uincti
321 1292 435 1364 emissi,
466 1293 649 1370 confusaque
677 1291 749 1351 haec
777 1292 875 1352 omnis
901 1291 1058 1352 muftitudo
1081 1291 1284 1370 Hippocraten

205 1386 293 1454 atque
319 1376 470 1457 Epicyden
501 1386 602 1436 creant
630 1385 797 1456 praetores;
826 1377 1065 1456 Syracusaeque,
1094 1394 1163 1436 eum
1193 1377 1286 1438 breue

205 1472 323 1542 tempus
345 1463 466 1523 libertas
488 1461 663 1534 adfulsissct,
687 1461 717 1521 in
734 1462 886 1539 antiquam
900 1462 1073 1523 seruitutem
1089 1461 1286 1522 recciderant.
1307 1471 1332 1519 tt

8 1607 24 1620 „
49 1543 191 1638 ),‚‚J‚,83
291 1547 370 1608 Haec
399 1546 533 1608 nuntiata
561 1565 629 1607 curn
657 1555 758 1607 essent
779 1546 934 1620 Romanis,
964 1565 1000 1606 ex
1016 1545 1177 1628 Leontinis
1205 1555 1284 1608 mota

167 1641 275 1693 tsunt
302 1631 449 1710 externplo
480 1640 574 1692 castra
604 1631 639 1691 ad
662 1631 832 1710 Syracusas.
876 1639 906 1692 et
933 1619 1090 1710 abdppio
1119 1631 1208 1709 iegati
1230 1649 1286 1712 per

205 1726 324 1795 portum
337 1717 418 1777 missi
433 1718 510 1776 forte
524 1717 555 1776 in
572 1715 781 1795 quinqueremi
797 1725 892 1776 eraut.
918 1718 1078 1794 praemissa
1089 1717 1285 1794 quadriremis

205 1819 273 1861 cum
296 1801 436 1862 intrasset
456 1803 556 1862 fauces
578 1809 699 1880 portus,
725 1801 856 1879 eapitur;
885 1801 972 1878 legati
994 1819 1081 1879 aegre
1103 1801 1284 1880 effugerunt

168 1895 182 1943 e
205 1895 235 1945 et
257 1886 313 1945 iarn
338 1904 399 1945 non
422 1886 510 1946 modo
532 1887 613 1965 pacis
635 1887 687 1946 sed
703 1905 742 1946 ne
758 1885 825 1947 belii
848 1886 967 1964 quidem
986 1887 1049 1946 iura
1071 1885 1174 1947 relicta
1189 1897 1286 1956 erant,
1306 1895 1332 1946 tt

206 1988 272 2030 cum
296 1970 447 2032 Romanus
476 1971 624 2031 exercitus
651 1971 686 2031 ad
711 1970 879 2050 Olympium
909 2005 951 2015 -
975 1971 1055 2032 louis
1084 1971 1112 2031 id
1139 1973 1284 2051 tempium

166 2065 181 2114 4
203 2066 248 2116 est
262 2089 303 2100 -
319 2055 398 2116 mille
421 2063 450 2115 et
472 2055 653 2135 quingentos
674 2073 780 2135 passus
801 2056 838 2115 ab
861 2055 935 2116 urbe
950 2065 1044 2117 cestra
1067 2056 1175 2135 posuit.
1215 2057 1286 2117 inde

204 2160 324 2220 quoque
345 2142 457 2220 legatos
480 2140 626 2221 praemitti
648 2142 774 2220 placuit;
796 2141 915 2219 quibus,
938 2160 978 2201 ne
999 2142 1147 2203 intrarent
1167 2142 1285 2213 urbem,

204 2235 284 2288 extra
308 2236 422 2305 portam
440 2226 634 2306 Hippocrates
648 2235 739 2305 atque
753 2225 898 2307 Epicydes
913 2226 1030 2287 obuiam
1046 2244 1114 2287 curn
1135 2228 1199 2287 suis
1213 2246 1286 2307 pro·
1361 2263 1362 2294 ,

166 2320 181 2369 t
204 2322 366 2374 cesserunt
391 2311 544 2373 Romanus
556 2319 655 2371 orator
671 2330 733 2372 non
750 2312 860 2373 beilum
876 2330 909 2372 se
920 2311 1113 2392 Syracusanis
1127 2312 1179 2371 sed
1196 2330 1285 2392 opem
1305 2321 1329 2371 25
1361 2307 1362 2372 3

204 2397 405 2475 auxiliumque
427 2396 544 2458 adferre
566 2396 615 2467 ait,
638 2402 668 2456 et
682 2396 734 2468 eis,
757 2398 808 2475 qui
830 2415 865 2457 ex
883 2396 980 2457 media
1002 2398 1091 2457 caede
1106 2395 1198 2474 elapsi
1214 2416 1285 2476 per·
1361 2401 1362 2466 ξ

204 2482 335 2559 fugerint
357 2482 392 2542 ad
414 2500 455 2555 se,
479 2490 508 2541 et
531 2481 583 2551 eis,
605 2481 657 2559 qui
679 2491 760 2542 metu
776 2481 911 2561 oppressi
933 2481 1095 2542 foediorem
1118 2500 1180 2541 non
1195 2483 1284 2543 exilio
1361 2475 1362 2554 ξ

165 2576 181 2624 6
202 2568 297 2627 sotum
320 2574 365 2627 set
379 2566 466 2627 etiam
482 2576 578 2626 morte
593 2565 767 2627 seruitutem
783 2567 947 2645 patiantur3
970 2584 1026 2627 nce
1041 2566 1160 2627 caedem
1177 2569 1284 2628 nefan·
1361 2589 1362 2650 j

203 2651 269 2711 dam
293 2651 442 2711 sociorum
465 2652 588 2711 inultam
611 2650 763 2713 Romanos
785 2670 933 2731 passuros.
975 2652 1075 2729 itaque
1097 2651 1121 2711 si
1144 2652 1201 2724 eis,
1233 2652 1283 2731 qui
1361 2653 1362 2718 Ϊ

202 2736 238 2796 ad
251 2754 282 2795 se
293 2736 489 2814 perfugerint,
506 2744 587 2797 tutus
602 2736 631 2795 in
644 2737 769 2814 patriam
785 2736 899 2797 reditus
911 2745 1018 2816 pateat,
1034 2735 1131 2797 caedis
1144 2746 1284 2799 auctores
1302 2744 1329 2793 to

202 2819 350 2880 dedantur
364 2831 393 2880 ct
408 2818 528 2881 libertas
543 2820 682 2899 legesque
696 2840 767 2882 suae
781 2822 973 2901 Syracusanis
988 2821 1191 2893 restituantur,
1209 2821 1282 2883 nihil
1361 2849 1362 2874 1

202 2904 292 2965 armis
314 2922 391 2982 opus
413 2922 492 2978 esse;
515 2906 539 2967 si
556 2924 589 2966 ca
606 2923 665 2966 non
682 2907 764 2977 fiant,
787 2906 968 2984 quicumque
982 2906 1013 2966 in
1030 2923 1112 2966 mora
1131 2906 1179 2975 sit,
1202 2905 1282 2968 belfo
1361 2933 1362 2942 2

165 2999 422 3068 tpersecuturos.
459 2994 493 3050 ad
517 3008 549 3051 ea
566 2990 721 3070 Epicydes,
743 2992 840 3069 siqua
862 2991 898 3051 ad
920 2992 1104 3052 semandata
1125 2990 1281 3064 haberent,
1361 3063 1362 3066 Ἴ

202 3092 378 3153 responsum
402 3074 443 3136 eis
465 3075 506 3135 ait
526 3094 558 3136 se
581 3077 702 3136 daturos
723 3077 827 3150 fuisse;
859 3094 927 3137 cum
950 3076 980 3136 in
1004 3093 1118 3146 eorum,
1146 3076 1183 3136 ad
1205 3094 1281 3155 quos
1361 3093 1362 3164 J

288 3226 304 3277 2
322 3224 433 3291 praecib.
447 3224 487 3291 ΡΙΙ
501 3228 516 3277 3
536 3224 672 3292 proderent
690 3242 725 3276 sec
742 3224 874 3291 proderint
885 3226 918 3276 Ρ1
929 3226 968 3291 14
987 3231 1080 3277 ettam
1094 3224 1129 3277 ΡΙ
1145 3231 1215 3276 etum
1228 3226 1281 3293 ΡῚ

201 3291 234 3343 ed
256 3292 340 3344 omnia
365 3294 420 3355 (nst
442 3292 474 3343 ed
499 3294 583 3344 omnia
609 3298 674 3357 tamt
698 3294 810 3358 Madvig
826 3294 886 3345 Ifm.
903 3293 1029 3348 dmm
1055 3293 1087 3345 ed
1110 3293 1175 3345 neec
1195 3294 1280 3345 omnia

203 3360 284 3413 Gran.
320 3360 351 3411 ad
375 3376 405 3412 ea
429 3360 513 3411 omnie
532 3361 674 3412 Boettcher
708 3361 742 3411 ed
766 3362 788 3412 it
808 3362 922 3412 omnium
940 3362 973 3412 Ρι
1007 3361 1072 3413 edeo
1089 3362 1203 3412 omnium
1220 3361 1257 3412 1²·

202 3432 217 3479 6
237 3433 292 3480 toto
309 3428 396 3478 naon
421 3434 478 3480 tuto
496 3430 521 3479 P
549 3434 630 3480 toturn
657 3427 766 3481 Creator
784 3428 794 3495 p
811 3430 940 3496 exhapyfo
957 3430 981 3481 P
996 3429 1007 3508 ΙΙ
1025 3433 1039 3481 t
1058 3429 1203 3481 acredinem
1220 3428 1255 3481 Ρ

202 3498 216 3548 8
236 3497 391 3547 mercenneri
404 3496 446 3563 ΡΙΙ
460 3498 573 3563 quitquit
584 3498 608 3548 Ρ
618 3500 627 3559 ΙΙ
642 3500 673 3549 10
689 3496 805 3548 acredine
818 3498 853 3548 P’
866 3497 876 3563 ΙΙ
889 3500 921 3549 td
933 3498 1058 3565 epycrden
1073 3497 1114 3564 ΡΙ
1128 3499 1160 3550 18
1172 3497 1262 3548 eretP

202 3562 598 3630 tooettiaoeneltum1²¹t21
618 3564 784 3631 tthm·
798 3565 971 3629 ripensibus
988 3564 1043 3632 1³⁸1
1057 3567 1090 3618 23
1108 3565 1221 3631 premitti
1238 3564 1279 3627 Ρ,

201 3645 273 3680 corr.
291 3630 326 3680 ΡΞ
344 3630 354 3697 ΙΙ
373 3633 405 3682 26
424 3631 445 3682 is
464 3632 486 3682 P
501 3632 511 3698 ΙΙ
528 3635 561 3685 28
579 3632 689 3684 nefande
706 3632 754 3698 ΡΙ
770 3635 804 3685 30
821 3632 980 3697 perfugerint
998 3633 1024 3685 0.
1037 3634 1068 3685 L.
1081 3634 1171 3686 Bauer
1195 3631 1279 3699 perfu-

201 3702 294 3763 gerunt
311 3698 391 3765 Ptin
410 3700 518 3763 petriam
537 3700 570 3751 P¹
597 3702 622 3750 in
641 3700 748 3767 petriam
767 3702 875 3767 petriam
895 3702 927 3749 Ρι
945 3700 1055 3766 flpeteet
1074 3700 1183 3753 cientes·
1209 3705 1278 3767 pete·

201 3772 241 3816 ret
258 3764 343 3832 Pffift
363 3780 425 3817 suee
449 3767 543 3818 addidi
560 3768 619 3819 ffm.
635 3768 725 3819 Lim!
736 3770 777 3833 11,
796 3784 846 3819 one.
863 3768 906 3835 ΡΙ
919 3770 952 3820 34
970 3776 998 3821 et
1014 3784 1081 3836 quos
1098 3770 1121 3818 P

450 3880 457 3925 t
862 3886 867 3896 =
1098 3869 1110 3901 o
1143 3895 1150 3909 ,
1240 3885 1264 3908 Γ

440 3915 497 3940 ‘1¹¹¹
523 3922 565 3942 u³
614 3917 624 3932 *e
653 3907 687 3924 θ’
756 3914 759 3920 “
794 3914 800 3925 ¹
850 3919 863 3939 s
917 3906 920 3912 ¹
1007 3916 1020 3931 ¹.
1053 3908 1058 3918 ¹

430 3938 435 3949 r
471 3934 524 3945 ¹⁴¹
927 3941 929 3948 ι

1045 3965 1048 3971 ’
1256 3970 1260 3979 Ι

471 3974 665 4003 '‘1*.

418 4024 485 4043 ,ιἸ
525 4006 625 4044 Ιμί
