2734 4250
188 91 248 153 170
567 92 660 146 LIBER
678 91 789 160 xxviii,
807 95 849 148 32.
867 96 899 148 33
1115 119 1136 152 ι.
1150 119 1173 152 n.
1188 120 1208 152 c.
1222 110 1259 152 313
1356 53 1357 70 l

185 267 307 341 deinde,
338 285 376 327 ne
398 267 465 346 quis
486 265 516 327 in
540 266 696 345 prouincia
718 266 807 327 simul
828 266 940 328 uirtute
962 274 1044 328 mnia
1067 277 1098 328 et
1124 265 1260 326 felicitate

134 362 163 414 11
184 351 349 434 perdomita
364 352 486 414 relictus
500 350 592 412 hostis
607 350 665 412 dici
681 361 790 431 posset.
828 349 955 431 proinde
971 352 1034 414 deis
1055 351 1132 413 bene
1154 350 1260 412 iuuan-

184 439 264 500 tibus
278 445 478 516 sequerentur
492 454 553 496 non
570 444 628 496 tam
644 437 679 497 ad
695 434 804 498 bellum
826 435 991 516 gerendum
1007 454 1162 516 -neque
1182 435 1261 497 enim

184 523 332 602 compari
353 523 438 584 hoste
460 529 609 583 certamen
632 539 697 583 esse
711 539 857 601 —qnam
879 522 915 584 ad
942 522 1122 602 expetendas
1147 520 1184 582 ab
1206 520 1261 582 ho·

185 607 316 672 minibus
337 606 470 669 scelestis
491 624 612 685 poenas.
1285 617 1302 666 5

133 697 171 756 33
273 690 319 754 Ab
341 693 396 755 hae
419 691 555 753 oratione
577 690 714 752 dimissos
735 689 770 752 ad
796 691 853 752 iter
874 709 906 753 sc
931 710 1105 772 comparare
1130 691 1160 752 in
1184 690 1262 752 diem

187 787 339 860 posterum
355 777 446 851 iubet,
462 776 674 856 proiectusque
690 775 822 838 decumis
838 775 943 838 castris
958 777 1098 856 peruenit
1120 775 1154 836 ad
1171 774 1262 837 Hibe-

185 883 251 926 rum
280 863 401 924 flumen.
451 860 521 922 inde
549 869 690 941 superato
719 860 799 922 amni
826 861 873 922 die
902 871 1008 940 quarto
1037 862 1068 923 in
1096 869 1262 940 conspectu

148 959 164 1009 1
185 948 314 1012 hostium
343 947 444 1029 posuit
473 956 579 1007 castra.
624 964 747 1026 campus
775 954 844 1008 ante
867 946 1020 1008 montibus
1042 947 1121 1008 circa
1143 956 1264 1026 saeptus

186 1044 258 1097 erat.
302 1033 333 1095 in
357 1051 421 1095 eam
444 1031 552 1094 uallem
575 1030 676 1111 Scipio
706 1049 775 1092 eum
797 1050 920 1111 pecora,
950 1040 1032 1112 rapta
1061 1031 1205 1112 pleraque
1227 1050 1264 1093 ex
1289 1041 1317 1094 lo

185 1121 319 1201 ipsorum
342 1118 470 1179 lrostium
494 1116 587 1196 agris,
615 1116 742 1196 propelli
764 1115 801 1177 ad
823 1116 1002 1178 inritandam
1024 1117 1172 1178 leritatem
1193 1116 1263 1178 bar·

147 1213 163 1263 a
184 1205 325 1268 herorum
340 1202 483 1277 iussisset,
505 1200 610 1262 uelites
632 1200 764 1263 subsidio
786 1201 874 1276 misit,
896 1201 1040 1281 aquibus
1054 1200 1107 1262 ubi
1123 1220 1176 1281 per
1190 1220 1262 1282 pro·

184 1289 382 1352 eursationem
406 1286 562 1350 commissa
577 1304 678 1366 pugna
702 1295 789 1361 esset,
811 1286 946 1348 Laelium
967 1304 1035 1348 cum
1051 1287 1185 1366 equitatu
1206 1287 1262 1348 im·

146 1383 162 1434 t
184 1385 286 1456 petum
313 1392 349 1434 en
378 1371 494 1434 occulto
518 1372 615 1433 lacere
643 1369 735 1433 iubet.
779 1390 866 1434 mons
889 1383 1058 1452 opportune
1086 1373 1264 1452 prominens
1356 1371 1357 1404 ³

185 1461 319 1540 equitum
354 1456 474 1520 insidias
510 1456 592 1517 terit.
635 1474 693 1518 neo
731 1455 790 1517 ulla
819 1475 903 1517 mora
939 1474 1058 1536 pugnae
1095 1457 1173 1518 lacta
1209 1465 1263 1522 est.
1288 1465 1315 1517 11

184 1544 307 1624 Hispani
328 1542 360 1604 in
383 1549 543 1621 conspecta
558 1541 664 1621 procul
679 1558 796 1621 peoora,
819 1541 923 1604 uelites
938 1542 968 1604 in
986 1541 1133 1622 llispanos
1155 1541 1265 1622 praeda

146 1639 162 1689 o
183 1637 343 1709 occupatos
358 1627 522 1688 incurrere.
551 1626 648 1706 primo
663 1625 824 1688 missilibus
842 1627 1025 1700 territauere
1041 1626 1151 1688 deinde
1165 1627 1264 1690 missis

183 1713 300 1775 leuibus
329 1711 411 1784 telis,
440 1729 515 1789 quae
543 1710 666 1772 inritare
709 1711 801 1790 magis
830 1729 918 1791 quam
945 1712 1108 1774 decernere
1130 1730 1263 1794 pugnam

183 1807 331 1878 poterant,
353 1795 466 1875 gladios
489 1797 611 1869 nudant,
634 1804 665 1856 et
687 1795 804 1858 conlato
825 1797 901 1876 pede
923 1815 971 1860 res
993 1806 1097 1876 coepta
1120 1798 1185 1878 geri
1207 1807 1263 1872 est,

183 1900 354 1962 ancepsque
385 1881 522 1961 pedestre
555 1889 706 1942 certamen
739 1890 817 1954 erat,
856 1882 887 1943 ni
921 1883 1036 1960 equites
1068 1883 1263 1961 superuenis-
1287 1889 1315 1941 111

146 1976 259 2030 csent.
303 1985 401 2046 neque
430 1984 467 2027 ex
493 1966 618 2028 aduerso
651 1974 768 2028 tantum
791 1965 874 2027 inlati
896 1965 1003 2029 obuios
1026 1965 1187 2040 audiuere,
1209 1969 1263 2030 sed

183 2051 373 2114 circumuecti
403 2051 488 2112 etiam
517 2050 636 2131 quidam
664 2068 720 2132 per
748 2051 848 2112 infima
878 2051 948 2113 cliui
976 2049 1013 2112 ab
1042 2060 1127 2133 tergo
1149 2071 1197 2129 se,
1230 2062 1265 2116 ut

185 2139 343 2221 plerosque
372 2136 622 2210 intercluderent,
656 2135 845 2211 obiecerunt,
879 2137 1031 2217 maiorque
1060 2137 1166 2201 caedes
1195 2138 1263 2211 tuit,

149 2236 164 2286 1
187 2244 274 2305 quam
297 2231 439 2302 quantam
461 2220 548 2282 edere
569 2220 649 2283 lenia
670 2240 727 2302 per
744 2222 937 2285 excursiones
952 2222 1064 2302 proelia
1079 2223 1187 2285 solent
1218 2224 1264 2285 ira

186 2311 278 2391 magis
304 2325 430 2369 accensa
457 2306 583 2368 aduerso
612 2307 726 2385 proelio
750 2305 883 2368 barbaris
911 2317 972 2381 est,
1002 2326 1089 2387 quam
1111 2308 1264 2371 imminuti
1289 2316 1318 2369 25

185 2395 285 2457 animi.
329 2394 428 2471 itaque
450 2409 489 2453 ne
511 2391 640 2471 perculsi
657 2391 843 2466 uiderentur,
866 2391 960 2470 prima
978 2392 1045 2454 luce
1068 2402 1190 2472 postero
1213 2395 1263 2457 die

148 2489 164 2541 8
185 2480 216 2541 in
232 2480 324 2541 aciem
340 2494 523 2558 processere.
556 2495 617 2537 non
634 2476 771 2556 capiebat
786 2477 882 2538 omnis
904 2477 1005 2557 copias
1026 2486 1160 2557 angusta,
1184 2479 1266 2542 sicut

184 2562 387 2626 antedictum
409 2570 463 2637 est,
485 2560 592 2637 ualles;
614 2562 691 2623 duae
713 2563 807 2623 lerme
829 2560 962 2641 peditum
986 2570 1085 2642 partes
1109 2572 1138 2624 et
1162 2566 1263 2627 omnis

184 2649 333 2729 equitatus
363 2648 394 2708 in
424 2647 517 2708 aciem
546 2646 714 2720 descendit3
749 2647 829 2725 quod
863 2647 986 2709 relicum
1020 2647 1153 2727 peditum
1187 2658 1263 2724 erat,

146 2744 162 2795 o
183 2733 305 2813 obliquo
328 2732 550 2794 constituerunt
564 2731 649 2793 colle.
678 2732 789 2812 Scipio,
812 2750 868 2811 pro
884 2750 916 2794 se
939 2751 1003 2794 esse
1028 2733 1085 2795 loci
1109 2734 1265 2814 angustias
1291 2742 1325 2794 31

184 2828 281 2891 ratus,
309 2826 340 2878 et
360 2817 440 2895 quod
467 2816 499 2877 in
528 2825 592 2878 arto
614 2834 715 2897 pugna
738 2816 872 2879 llomano
894 2816 991 2897 aptior
1013 2835 1101 2897 quam
1125 2818 1264 2899 llispano

183 2902 268 2965 militi
284 2904 383 2962 lutura
399 2900 563 2977 uidebatur,
586 2911 617 2963 et
632 2902 711 2981 quod
727 2902 758 2963 in
775 2920 842 2963 eum
857 2901 958 2963 locum
975 2902 1106 2965 detracta
1130 2904 1265 2967 hostium

184 2987 261 3050 acies
276 2994 363 3059 esset,
388 2987 515 3065 quinon
532 3004 652 3047 omnem
668 2986 888 3048 multitudinem
903 3004 1006 3049 eorum
1023 2998 1156 3068 caperet,
1179 3008 1265 3053 nouo

134 3083 162 3134 11
183 3073 269 3135 otiam
291 3071 416 3134 consilio
438 3071 545 3132 adiecit
565 3072 715 3133 animum:
738 3072 867 3151 equitem
891 3090 948 3134 nec
970 3091 1002 3135 se
1017 3091 1106 3153 posse
1132 3073 1265 3137 circum-

253 3227 265 3277 1
285 3221 441 3289 prouinciam
459 3220 534 3288 Ρ12
553 3222 635 3289 possit
651 3220 715 3291 >Pl
733 3224 748 3275 3
767 3226 818 3274 tam
836 3220 875 3274 ΣΡ
896 3223 947 3275 lam
964 3223 1012 3290 Pl
1032 3226 1061 3277 11
1082 3224 1195 3291 ipsorum
1214 3225 1266 3290 2⁸,

183 3308 234 3344 om.
252 3293 276 3343 P
284 3290 295 3358 ΙΙ
313 3292 345 3343 13
364 3290 496 3356 aequitate
514 3290 562 3357 ΡΙ
582 3293 613 3343 il
631 3298 791 3356 opportunae
808 3290 856 3357 ΡΙΙ
877 3294 907 3343 13
926 3290 997 3343 nexit
1013 3289 1055 3360 Pl
1071 3294 1102 3344 ld
1120 3298 1265 3358 conspecta

183 3378 218 3412 ex
233 3361 371 3425 conspecta
385 3361 425 3409 est
437 3356 539 3423 hispani
552 3358 604 3422 ΡΗ
620 3361 649 3411 ll
664 3358 749 3410 missis
762 3357 800 3408 Σι
818 3358 919 3411 emissis
932 3358 974 3425 Pl
989 3360 1020 3413 18
1032 3358 1134 3411 lenibus
1147 3356 1186 3410 Σ*
1197 3360 1265 3426 legi-

183 3428 231 3480 bus
249 3429 273 3479 P
304 3425 363 3478 telis
381 3425 419 3475 Σ*
436 3425 501 3478 uelis
519 3426 551 3477 Ρ
570 3426 648 3478 uerlis
665 3425 698 3477 Ρ
711 3426 721 3491 Ι
734 3430 766 3479 te
778 3424 843 3493 pede
860 3442 943 3493 mque
961 3426 998 3477 ad
1009 3426 1041 3480 20
1054 3440 1201 3495 ancepsque
1216 3428 1267 3495 ΣΡ,

184 3510 234 3546 om.
251 3496 274 3546 P
299 3496 331 3547 20
345 3493 369 3544 ni
388 3494 424 3543 2¹
443 3497 470 3543 et
486 3510 521 3545 ecc
533 3494 582 3545 nini
599 3494 692 3559 Plan
704 3492 791 3546 infima
808 3492 867 3546 oliui
881 3494 918 3545 ΣΡ
929 3491 1085 3563 inflmaelleui
1096 3495 1177 3563 Ρ133
1190 3495 1267 3549 obie-

183 3566 273 3613 cerunt
290 3564 314 3611 P
328 3561 446 3612 obiecere
465 3562 499 3610 Ρ
512 3561 522 3628 Ι
536 3562 567 3613 25
586 3562 713 3613 imminuti
725 3561 796 3614 ΡΨ
815 3561 975 3614 imimminuti
988 3562 1021 3614 Ρ
1056 3564 1089 3615 ld
1101 3562 1214 3629 perculsi
1227 3564 1267 3616 2¹

184 3625 251 3692 pulsi
268 3626 310 3694 ΡΙ
323 3632 426 3693 postero
443 3627 514 3679 ΡΣ1
532 3633 712 3696 postepostero
730 3630 761 3680 Ρ
781 3628 791 3699 l
810 3632 842 3685 28
862 3628 942 3682 ualles
960 3631 984 3681 P
1000 3644 1032 3683 ua
1044 3630 1076 3681 lis
1094 3631 1132 3681 Ρ
1149 3631 1199 3699 let
1218 3634 1267 3697 2⁴,

184 3708 237 3743 om.
253 3695 297 3760 Pi
308 3695 340 3746 30
360 3696 546 3748 constituerunt
563 3698 587 3748 P
601 3698 771 3750 constiterunt
785 3698 823 3748 Σι
836 3698 846 3765 l
858 3697 925 3750 eolle
942 3714 996 3749 roa.
1009 3714 1044 3749 ee·
1055 3697 1136 3751 colles
1148 3699 1192 3767 ΡΙ
1204 3715 1267 3754 esse

184 3759 254 3809 ΡΣ*
271 3774 315 3811 ese
332 3760 364 3811 Ρ
376 3760 386 3826 l
400 3763 431 3814 31
450 3777 553 3816 romana
571 3764 612 3828 Ρ,
629 3780 700 3817 corr.
717 3766 750 3817 Ρ
762 3765 772 3832 l
784 3766 818 3817 ³²
835 3766 976 3819 detractate
987 3766 1031 3833 ΡΙ
1043 3768 1076 3819 31
1088 3768 1203 3835 equitem
1217 3783 1267 3822 nee
