2734 4250
89 157 171 202 ..cah
182 160 221 200 ιη
503 139 597 192 LlBER
614 140 708 206 Xllllll,
726 143 742 194 8
1105 141 1166 201 193

89 333 145 376 nec
161 313 235 375 iuris
249 312 399 374 inclusum
414 313 566 393 angustiis,
589 331 647 393 quo
662 313 762 374 minus
777 313 816 374 ita
832 313 930 374 omnia
945 323 1029 393 gerat
1042 315 1168 378 admini-

88 409 232 478 stretque,
247 407 282 459 ut
296 407 433 477 tempora
447 397 641 477 postulabunt
654 398 723 459 belli
732 418 740 475 ;
765 399 850 459 nobis
865 408 963 460 autem
978 400 1009 461 in
1025 411 1169 481 apparatu
1190 409 1206 459 8

88 487 155 564 ipsc
177 502 211 544 ac
226 493 342 544 tantum
358 483 567 545 incohantibus
582 501 630 544 res
645 502 743 545 annus
762 484 979 563 circumagitur.
1016 487 1168 565 quoniam,
1188 494 1204 543 9

89 568 193 648 quales
208 569 291 629 uiros
307 586 408 628 creare
424 588 478 630 uns
494 568 632 630 consules
647 569 757 643 deceat,
779 569 849 630 satis
864 579 909 630 est
923 570 1043 645 dictum,
1066 581 1166 647 restat,

50 666 65 715 5
87 663 120 716 ut
142 671 237 734 pauca
254 654 290 713 de
305 653 356 727 eis,
379 653 409 714 in
434 671 509 732 quos
524 655 747 733 praerogatiuae
770 655 855 715 lauor
877 655 1039 728 inclinauit,
1062 657 1166 718 dicam.

88 741 127 800 ll.
143 739 288 799 Aemilius
303 739 433 816 Regillus
448 740 554 798 llamen
574 747 617 799 est
632 738 802 810 Quirinalis,
825 758 913 818 quem
931 760 1028 820 neque
1050 742 1167 803 mittere
1190 746 1219 798 10

87 843 104 884 a
127 823 221 886 sacris
243 840 340 901 neque
359 823 488 884 retinere
510 842 678 902 possumus,
701 834 734 885 ut
756 843 814 885 non
831 824 919 885 deum
934 837 986 886 aut
1001 827 1067 888 belli
1083 829 1167 890 dese·

88 927 191 970 ramus
213 926 324 968 curam.
369 907 402 968 T.
421 909 562 970 Otacilius
583 909 696 970 sororis
719 928 800 970 meae
823 908 910 970 liliam
934 930 1056 972 uxorem
1079 923 1168 993 atque
1191 917 1219 968 11

90 1013 125 1056 ex
149 1011 184 1054 ea
204 993 315 1054 liberos
336 991 440 1068 habet;
463 1004 595 1055 ceterum
619 1012 680 1054 non
697 1011 730 1053 ea
745 1003 843 1054 uestra
866 994 895 1055 in
919 1013 966 1055 me
982 997 1168 1077 maioresque

36 1089 173 1140 tumens
201 1078 305 1138 merita
327 1088 412 1152 sunt,
442 1087 474 1140 ut
497 1097 557 1139 non
580 1079 726 1158 potiorem
756 1079 879 1158 priuatis
902 1082 1168 1144 necessitudinibus

89 1181 153 1226 rem
177 1161 328 1243 publicam
350 1163 482 1223 habeam.
527 1163 651 1241 quilibet
668 1174 825 1224 nautarum
849 1173 1062 1244 uectorumque
1084 1177 1166 1228 tran·
1190 1171 1219 1223 12

90 1248 185 1328 quillo
208 1247 281 1308 mari
303 1247 470 1326 gubernare
490 1257 602 1328 potest;
626 1249 675 1309 ubi
697 1267 784 1309 saeua
808 1258 871 1308 orta
886 1258 1045 1329 tempestas
1068 1261 1113 1312 est
1133 1271 1167 1314 ac

89 1333 212 1394 turbato
226 1333 301 1392 mari
317 1333 429 1413 rapitur
444 1343 536 1394 uento
552 1333 645 1407 nauis,
668 1343 732 1394 tum
747 1335 812 1393 uiro
834 1343 862 1393 et
879 1333 1078 1411 gubernatore
1094 1357 1169 1416 opus

90 1427 146 1480 est.
186 1435 247 1478 non
271 1417 430 1496 tranquillo
454 1419 636 1496 nauigamus,
659 1419 710 1478 sed
733 1417 790 1478 iam
813 1418 926 1496 aliquot
940 1420 1077 1498 procellis
1098 1421 1169 1482 sub·
1192 1424 1220 1474 11

35 1514 66 1564 15
88 1503 180 1564 mersi
195 1519 290 1581 paene
304 1519 421 1564 sumus:
445 1503 552 1581 itaque,
576 1503 641 1582 quis
658 1504 693 1562 ad
709 1502 909 1582 gubernacula
925 1504 1034 1577 sedeat,
1056 1525 1169 1566 summa

91 1605 164 1650 cura
186 1586 406 1666 prouidendum
425 1605 459 1648 ac
481 1588 719 1668 praecauendum
742 1586 829 1647 uobis
851 1596 904 1647 est.
947 1589 978 1648 in
1002 1589 1118 1651 minore
1139 1600 1169 1652 tc

91 1672 217 1751 experti,
240 1671 273 1731 Τ.
298 1671 417 1746 Otacili,
446 1691 478 1732 re
500 1691 617 1733 sumus:
645 1673 717 1734 baut
738 1691 825 1744 sane,
848 1691 903 1732 cur
925 1673 959 1732 ad
983 1675 1094 1736 maiora
1115 1676 1169 1737 tibi

92 1757 228 1830 fidamus,
252 1757 423 1818 documenti
445 1758 604 1836 quicquam
626 1757 741 1819 dedisti.
785 1756 907 1818 classem
931 1758 986 1819 boc
1009 1779 1099 1834 anno,
1122 1762 1171 1822 cui
1193 1763 1222 1815 11

93 1851 123 1902 tu
148 1841 317 1921 praefuisti,
341 1842 429 1902 trium
452 1861 551 1903 rerum
574 1861 662 1903 causa
683 1843 868 1921 parauimus,
895 1853 928 1904 ut
950 1844 1064 1906 dlricae
1088 1865 1169 1907 oram

36 1935 68 1988 111
92 1927 297 2006 popularetur,
320 1934 354 1986 ut
376 1934 438 1986 tuta
461 1926 547 1987 nobis
565 1926 664 1988 ltaliae
685 1928 772 1987 litora
794 1936 902 1999 essent,
925 1938 993 1989 ante
1010 1931 1108 1990 omnia
1132 1950 1170 1994 ne

92 2011 334 2090 supplementum
356 2029 423 2071 cum
440 2012 586 2092 stipendio
603 2023 828 2090 commeatuque
844 2012 881 2072 ab
897 2013 1074 2092 Cartbagine
1089 2016 1170 2076 llan-

94 2096 186 2158 nibali
202 2104 467 2175 transportaretur.
504 2106 602 2159 create
617 2097 771 2160 consulem
787 2097 820 2157 Τ.
838 2097 1004 2170 Otacilium,
1027 2118 1087 2160 non
1104 2101 1171 2163 dico
1193 2104 1222 2156 11

93 2182 117 2245 si
141 2182 241 2243 omnia
263 2181 347 2254 haec,
369 2192 413 2243 set
428 2182 452 2243 si
467 2181 575 2261 aliquid
591 2201 694 2243 eorum
718 2183 912 2263 reipublicae
935 2185 1087 2261 praestitit.
1124 2187 1170 2248 sin

94 2276 193 2329 autem
209 2276 239 2327 te
255 2266 376 2327 classem
395 2267 549 2347 optinente
564 2268 649 2328 etiam
665 2268 749 2329 uelut
764 2278 866 2346 pacato
882 2268 964 2339 mari,
981 2268 1171 2346 quibuscum-

41 2364 72 2413 2‘›
94 2370 154 2431 que
172 2351 247 2412 bella
264 2351 414 2425 lunantur,
430 2352 586 2413 llannibali
600 2361 662 2413 tuta
683 2363 772 2431 atque
787 2353 900 2429 integra
916 2352 953 2411 ab
968 2353 1056 2412 domo
1079 2372 1172 2415 uene·

95 2446 177 2509 runt,
201 2437 225 2497 si
249 2454 300 2497 ora
316 2435 413 2498 ltaliae
435 2437 571 2498 infestior
592 2438 650 2499 boc
671 2456 751 2497 anno
775 2455 862 2515 quam
879 2437 993 2497 lllricac
1015 2437 1079 2511 luit,
1103 2439 1173 2516 quid
1195 2442 1225 2494 lll

95 2522 196 2583 dicere
218 2529 312 2600 potes,
335 2531 439 2583 curte
462 2522 647 2602 potissimum
670 2524 775 2583 ducem
797 2521 955 2581 Hannibali
978 2522 1054 2583 bosti
1077 2542 1172 2602 oppo-

97 2604 227 2668 namus'l
249 2606 274 2668 si
290 2607 394 2668 consul
410 2625 500 2680 esses,
515 2608 690 2668 dictatorem
705 2607 862 2667 dicendum
879 2606 1013 2685 exemplo
1029 2608 1174 2669 maiorum
1196 2611 1224 2663 tr

185 2776 198 2826 l
217 2772 343 2837 angustiis
360 2772 395 2824 Ρ
419 2773 536 2839 angustis
554 2771 587 2823 P¹
603 2770 644 2840 115
664 2771 864 2825 dicaffiaetnilius
882 2776 905 2824 P
920 2773 957 2840 11
977 2787 991 2825 a
1010 2773 1044 2825 po
1069 2790 1099 2826 ac
1116 2777 1148 2826 P¹
1164 2756 1175 2827 l

97 2855 148 2893 non
165 2838 243 2909 (ant)
260 2838 336 2892 deum
354 2846 491 2905 exspectnt
507 2840 615 2905 Madvig
633 2840 691 2891 dm.
705 2842 764 2892 dtu.
776 2840 828 2893 336
845 2842 855 2908 l
874 2840 1013 2893 diseramos
1032 2842 1080 2909 ΡΙ
1100 2844 1114 2896 t
1134 2860 1176 2897 sn·

97 2922 151 2959 ram
169 2907 242 2974 ΡΙι.
261 2908 364 2973 addidi,
382 2924 431 2960 om.
451 2910 493 2973 ΡΙΙ
505 2908 623 2959 olacilius
641 2908 688 2975 ΡΙΙ
706 2912 784 2961 uxore
803 2910 837 2972 P,
855 2909 902 2959 sed
919 2912 933 2959 ὁ
951 2912 981 2960 in
998 2926 1051 2962 ros.
1070 2911 1177 2964 litterae

97 2992 113 3028 o
131 2980 164 3025 ut
180 2976 290 3026 uidebar
302 2976 312 3043 l
326 2978 341 3029 9
358 2976 435 3028 babet
447 2976 482 3027 Ρ1
508 2976 573 3028 habe
587 2976 617 3027 1³¹
631 2978 640 3039 ΙΙ
654 2980 685 3028 10
703 2978 848 3044 priuatique
861 2976 903 3043 ΡΙ
918 2981 947 3030 11
962 2981 1016 3043 rep.
1030 2979 1073 3046 ΡΙ
1087 2982 1118 3031 ld
1130 2981 1176 3031 ali·

98 3042 167 3111 quod
186 3042 274 3111 11115
293 3059 390 3111 poenae
408 3046 440 3095 P¹
466 3058 550 3110 poeno
570 3043 604 3094 P·
622 3043 631 3110 ΙΙ
647 3047 676 3098 17
696 3046 782 3097 otacili
800 3044 833 3095 1²¹
861 3051 884 3095 te
902 3046 961 3096 acili
979 3046 1075 3113 P¹llre
1094 3046 1175 3100 Grorc

97 3112 122 3164 ie
140 3110 171 3161 Ρ·
208 3126 259 3179 epe
276 3110 311 3163 Ρ
328 3112 338 3179 l
354 3126 443 3164 sumus
467 3128 502 3162 ea:
519 3126 608 3164 musus
625 3112 657 3163 P¹
675 3112 685 3181 l
707 3115 738 3167 te
756 3128 799 3164 cra
820 3112 866 3179 gl
885 3114 1176 3180 depopularentur*

98 3196 283 3263 popularentur
296 3195 351 3263 ΡἿ
364 3196 559 3265 resultantium
572 3199 604 3250 P¹
622 3183 764 3250 lucillum
777 3196 811 3248 Ρ
822 3196 833 3263 l
846 3198 878 3249 23
891 3196 983 3262 aliquit
993 3197 1035 3264 Pl
1049 3199 1081 3249 24
1094 3198 1176 3251 classe

98 3264 245 3330 optinentes
258 3265 282 3314 P
291 3264 301 3331 ΙΙ
314 3268 389 3317 ellam
404 3267 427 3316 Ρ
451 3266 501 3317 iam
516 3266 684 3331 Wesenberg,
704 3282 754 3317 om.
771 3269 798 3327 ς,
818 3264 866 3315 del.
881 3261 1009 3329 Crdoierfl
1023 3266 1123 3330 placato
1136 3268 1177 3331 Pl

99 3331 305 3399 quibuscumque
328 3332 395 3384 bello
420 3334 540 3386 lunantur
556 3338 659 3385 coniccr'
676 3336 735 3385 coll.
753 3332 796 3397 22,
808 3332 879 3394 am
906 3332 976 3398 quib.
995 3334 1056 3393 (cet.
1074 3338 1138 3398 om.)
1157 3334 1180 3385 Ρ

100 3399 206 3465 qnacnis
224 3400 271 3451 uel
288 3401 418 3467 quaelibet
434 3402 480 3453 uel
496 3402 613 3467 omniag
639 3402 723 3454 omnia
742 3419 766 3454 ιι.
781 3417 804 3467 p.
817 3415 850 3451 m.
864 3399 960 3467 qulbus
976 3414 1041 3467 opus
1059 3407 1114 3452 erat
1131 3402 1178 3452 uel

100 3467 176 3518 etiarn
196 3482 226 3519 ea
246 3483 270 3519 u.
288 3482 312 3533 p.
332 3484 365 3521 m.
384 3470 478 3537 quibus
496 3485 546 3522 non
565 3470 658 3535 egebat
677 3470 813 3522 desiderat
831 3467 974 3522 Weissenb.
1007 3482 1036 3520 ea
1055 3468 1133 3520 etiam
1151 3486 1175 3521 u.

100 3550 125 3653 p.
142 3548 176 3587 ιιι.
197 3536 292 3603 qulbus
310 3550 375 3601 opos
394 3553 444 3590 non
464 3542 518 3590 erat
536 3538 567 3589 H.
580 3539 603 3590 J.
616 3538 729 3589 Mueller
745 3544 779 3604 ot,
799 3539 854 3587 niet
872 3535 943 3602 quod
960 3551 1010 3587 noo
1029 3544 1085 3589 erat
1102 3552 1177 3603 opus,

122 3605 230 3654 Omna
265 3604 350 3656 omnia
374 3620 399 3657 ιι.
418 3621 442 3672 p.
461 3621 494 3659 m.
518 3607 627 3658 nauibus
649 3606 761 3671 Madvig
784 3606 843 3657 Em.
862 3603 991 3656 1111336
1026 3618 1104 3671 saepe
1127 3608 1176 3656 iarn

100 3685 124 3721 ιι.
138 3686 162 3736 p.
176 3686 210 3725 ιιι.
229 3671 324 3739 qulbus
343 3678 398 3724 erat
415 3688 480 3740 opus
497 3674 568 3725 idem
582 3672 672 3740 praef.
691 3674 761 3727 edd
788 3673 864 3725 etiam
883 3686 908 3723 ιι.
921 3685 945 3737 p.
958 3686 992 3722 ιιι.
1011 3673 1177 3738 quibuscum·

99 3753 151 3857 qpc
167 3754 239 3859 opp}
252 3746 307 3858 effi
325 3742 434 3878 rt'arpipus
446 3742 573 3807 Zingerle
593 3741 746 3862 ¹gdppnurepta
764 3739 966 3874 omnlagpelllainp.
974 3742 1177 3873 ll'pmfigmigff

127 3822 188 3861 our.
234 3824 268 3859 uc
305 3824 320 3857 r
416 3824 575 3877 opponamus
614 3826 631 3861 a
668 3825 742 3861 auus
772 3823 842 3875 oppu
879 3823 892 3858 a
1093 3823 1124 3861 ex
1167 3836 1180 3846 -

152 3898 231 3947 blnluc
245 3898 276 3946 lll
990 3895 1022 3946 13
