2734 4250
121 149 251 194 „mmm
511 132 823 209 manumittente
1058 201 1062 207 ,
1142 131 1202 193 217

121 315 210 385 atque
221 305 374 387 Epicyden
390 304 471 366 abire
486 324 538 367 seu
551 305 663 366 Locros
678 324 731 366 seu
746 324 807 385 quo
821 304 879 365 alio
895 306 1026 379 mallent,
1042 307 1202 369 dummodo

122 393 222 454 Sicilia
237 393 386 462 cederent,
410 389 582 451 iubentibus
597 391 738 451 lerociter
752 409 929 470 responsum
945 400 990 453 est
1006 410 1103 470 neque
1117 411 1202 453 man·
1225 402 1252 453 tt

122 478 209 538 desse
224 495 288 538 sese
304 477 507 556 Syracusanis,
530 485 564 536 ut
579 493 680 555 pacem
696 494 752 555 pro
767 496 799 537 se
821 495 889 537 curn
903 476 1045 537 Romanis
1060 478 1201 550 lacerent,

123 580 222 640 neque
244 563 341 622 teneri
364 561 467 622 alicnis
489 561 668 621 foederibus.
707 561 780 622 haec
802 560 836 621 ad
861 560 1011 622 Romanos
1025 562 1202 641 Syracusani
1225 572 1253 622 12

83 659 99 708 a
121 647 295 708 detulerunt
322 646 489 707 abnuentes
510 645 674 706 Leontinos
704 647 734 706 in
758 664 810 707 sua
832 654 976 725 potestate
998 665 1077 707 esse:
1104 648 1202 726 itaque

123 733 243 809 integro
257 749 358 792 secum
373 732 493 792 loedere
508 730 617 791 bellum
635 730 785 792 Romanos
802 749 869 792 cum
885 731 921 792 iis
935 737 1080 808 gesturos,
1104 751 1202 811 neque
1314 777 1319 786 .

122 834 189 878 sese
204 817 358 878 defuturus
373 815 400 876 ei
417 814 494 876 bello
510 816 559 887 ita,
582 823 616 877 ut
638 817 668 876 in
685 825 859 895 potestatem
882 817 993 878 redacti
1014 835 1085 878 suae
1099 835 1202 878 rursus

123 901 250 963 dicionis
272 909 382 973 essent,
403 901 481 962 sicut
502 919 557 979 pax
581 901 782 962 conuenisset.

209 985 366 1047 Marcellus
380 1003 448 1046 cum
464 986 545 1047 omni
561 986 693 1046 exercitu
707 988 857 1064 proiectus
872 986 902 1045 iu
914 986 1088 1059 Leontinos,
1104 987 1200 1066 Appio
1214 991 1253 1047 ao

69 1081 101 1131 to
122 1088 244 1150 quoque
260 1071 364 1143 accito,
379 1079 413 1131 ut
423 1070 514 1132 altera
527 1065 610 1150 parte
622 1071 841 1148 adgrederetur,
856 1080 940 1131 tanto
955 1072 1061 1132 ardore
1076 1071 1201 1132 militurn

123 1165 170 1217 est
190 1174 264 1217 usus
285 1155 321 1216 ab
339 1155 381 1216 ira
403 1156 481 1217 inter
496 1155 688 1217 condiciones
705 1156 787 1236 pacis
808 1156 981 1216 interiectae
1002 1156 1146 1226 stationis,
1168 1167 1202 1218 ut

122 1240 222 1320 primo
236 1241 349 1319 impetu
364 1240 468 1300 urbem
485 1250 701 1320 expugnarent.
740 1241 934 1319 Hippocrates
953 1249 1041 1319 atque
1056 1240 1201 1321 Epicydes
1222 1251 1236 1300 a

123 1335 281 1405 postquam
304 1325 369 1405 capi
391 1343 494 1385 muros
515 1325 699 1404 refringique
713 1335 814 1405 portas
835 1324 947 1399 uidere,
970 1326 999 1385 in
1023 1343 1120 1385 arcem
1136 1344 1202 1388 sese

124 1429 193 1471 cum
214 1411 317 1489 paucis
339 1427 494 1490 recepere;
525 1410 595 1470 iude
617 1410 692 1471 clam
719 1419 808 1470 nocte
829 1409 995 1471 Herbesum
1018 1410 1201 1489 perfugiunt

70 1505 100 1554 1⁵
123 1495 317 1575 Syracusanis
340 1505 407 1556 octo
429 1495 542 1556 milium
558 1503 736 1556 armatorum
760 1494 877 1572 agmine
900 1495 1042 1574 proiectis
1062 1497 1151 1556 domo
1166 1497 1202 1556 ad
1224 1506 1239 1554 3

123 1579 221 1660 Mylan
237 1581 348 1642 llumeu
364 1579 490 1640 nuntius
505 1580 644 1651 occurrit,
668 1588 782 1659 captam
799 1571 904 1640 urbem
922 1598 995 1651 esse,
1018 1589 1116 1640 cetera
1131 1580 1202 1641 falsa

123 1665 215 1725 mixta
236 1665 316 1726 ueris
338 1665 452 1726 ferens:
477 1665 595 1725 caedem
618 1666 816 1743 promiscuam
838 1665 962 1725 militum
978 1673 1066 1744 atque
1080 1666 1239 1745 oppida-t

123 1768 234 1810 uorum
264 1751 387 1822 iactam,
420 1767 477 1810 uec
506 1751 662 1828 quicquam
694 1749 840 1829 puberum
867 1750 1002 1810 arbitrari
1030 1768 1201 1829 superesse3

123 1835 269 1914 direptam
292 1834 411 1908 urbem,
441 1834 520 1894 bona
542 1835 735 1913 locupletium
763 1835 881 1895 donata.
925 1835 960 1895 ad
984 1836 1122 1896 nuntium
1146 1845 1239 1896 tamo

70 1928 102 1978 a]
123 1929 255 1980 atrocem
277 1920 412 1980 constitit
425 1937 541 1997 agmen,
565 1919 779 1998 concitatisque
794 1919 934 1981 omnibus
955 1919 1100 1981 duces-
1118 1927 1204 1981 erant

123 2012 220 2066 autem
250 2005 332 2066 Sosis
360 2022 394 2065 ac
423 2005 603 2066 Dinomenes
628 2037 685 2078 -,
719 2005 790 2082 quid
818 2015 954 2082 agerent,
984 2005 1201 2066 consultabant.

123 2089 247 2151 terroris
269 2088 398 2170 speciem
426 2089 498 2151 baut
519 2107 625 2151 uanam
654 2089 809 2152 mendacio
835 2090 1034 2170 praebuerant
1056 2091 1204 2152 uerberati
1224 2101 1240 2151 6

123 2192 158 2236 ae
179 2176 279 2237 securi
302 2175 434 2255 percussi
449 2175 628 2254 transfugae,
651 2175 685 2235 ad
710 2175 769 2235 duo
784 2175 863 2235 milia
878 2176 1047 2248 hominum3
1070 2184 1202 2235 ceterum
1225 2187 1239 2235 t

124 2260 341 2321 Leontinorum
370 2260 556 2338 militumque
585 2261 709 2320 aliorum
738 2278 826 2321 nemo
859 2269 927 2338 post
956 2270 1069 2339 captam
1099 2259 1202 2320 urbem

70 2354 102 2404 aa
122 2344 252 2406 uiolatus
274 2346 380 2417 iuerat,
402 2362 514 2424 suaque
536 2345 636 2405 omnia
659 2345 716 2418 eis,
746 2345 804 2405 nisi
826 2363 902 2423 quae
924 2345 1038 2423 primus
1059 2344 1203 2405 tumultus

124 2439 228 2509 captae
243 2428 328 2491 urbis
347 2429 561 2509 absumpserat,
582 2430 824 2491 restituebantur.
863 2448 919 2490 nec
940 2439 974 2490 ut
995 2430 1025 2489 in
1040 2428 1205 2490 Leontinos
1225 2439 1240 2490 8

123 2516 217 2589 irent,
248 2514 382 2593 proditos
410 2514 446 2574 ad
475 2514 592 2575 caedem
624 2515 841 2576 commilitones
871 2522 1048 2593 querentes,
1078 2514 1203 2594 perpelli

123 2608 265 2679 potuere,
296 2617 353 2659 nec
374 2608 408 2659 ut
429 2600 533 2661 eodem
555 2599 621 2660 loco
647 2600 804 2661 certiorem
828 2600 965 2660 nuntium
989 2607 1203 2677 exspectarent.

124 2702 193 2746 cum
208 2684 246 2745 ad
261 2684 458 2745 deiectionem
480 2684 638 2745 inclinatos
655 2686 770 2746 animos
791 2696 952 2746 cernerent
973 2696 1135 2762 praetores,
1158 2694 1203 2745 set
1224 2694 1239 2743 9

72 2780 102 2828 ao
123 2786 191 2831 eum
213 2779 328 2830 motum
351 2769 423 2829 haut
443 2768 617 2830 diuturnum
647 2770 728 2841 iore,
756 2769 781 2830 si
812 2770 903 2830 duces
929 2769 1074 2831 amentiae
1096 2768 1202 2830 sublati

124 2863 239 2926 essent,
271 2854 431 2915 exercitum
457 2854 572 2914 ducunt
594 2854 727 2933 Megara,
755 2853 811 2933 ipsi
840 2872 908 2915 cum
931 2854 1033 2933 paucis
1055 2853 1205 2933 equitibus
1227 2862 1255 2913 to

124 2938 291 3001 Herbesum
313 2939 545 3017 proficiscuntur
566 2958 618 3019 spe
640 2940 750 2999 territis
772 2938 912 3000 omnibus
934 2958 988 3019 per
1004 2940 1203 3018 proditionem

124 3024 206 3087 urbis
229 3024 401 3103 potiundae.
439 3022 517 3101 quod
542 3023 592 3084 ubi
614 3026 723 3085 frustra
746 3023 789 3083 eis
810 3024 866 3085 luit
880 3024 1043 3103 inceptum,
1065 3025 1096 3084 ui
1112 3043 1203 3102 agen·
1226 3032 1253 3081 tt

124 3109 193 3170 durn
209 3111 265 3169 rati
282 3115 402 3188 postero
418 3108 465 3169 die
479 3108 604 3187 Megaris
619 3118 713 3170 castra
729 3117 861 3179 mouent,
877 3119 910 3169 ut
925 3108 1090 3170 Herbesum
1106 3110 1203 3169 omni·

210 3324 346 3393 lepicide
365 3325 396 3377 P¹
423 3325 532 3443 epycids'e
551 3326 584 3377 P¹
601 3324 610 3391 ΙΙ
628 3326 644 3376 l
661 3324 848 3389 iubentibus&
880 3324 1029 3376 luuentibus
1046 3324 1079 3374 P¹
1105 3329 1204 3375 tumen-

123 3394 191 3447 tibus
204 3393 248 3459 1³²,
261 3398 359 3461 postea
371 3410 424 3446 rus.
449 3394 585 3445 ouantibus
598 3396 683 3443 restit.
697 3395 707 3456 Ι
719 3396 734 3444 5
747 3392 883 3444 abnuentis
896 3392 937 3459 Pl
951 3394 967 3443 8
979 3397 1050 3443 esset
1060 3392 1084 3442 P
1094 3392 1104 3455 i
1116 3395 1148 3443 tu
1161 3391 1204 3442 ad·

123 3462 289 3528 graederetur
301 3460 343 3527 ΡΙΙ
358 3464 388 3513 11
403 3461 548 3513 sediciones
561 3460 600 3525 1²¹,
613 3476 683 3511 corr.
697 3460 731 3510 Ρ
751 3459 923 3511 conditionem
939 3460 1020 3511 Goon.
1033 3458 1043 3526 l
1057 3462 1089 3512 16
1100 3474 1158 3511 esse
1170 3460 1205 3510 1²¹

122 3545 177 3583 sese
195 3531 229 3582 P¹
253 3529 264 3597 Ι
289 3532 319 3581 l'l
339 3530 452 3581 misitum
470 3530 511 3591 P¹‚
529 3544 600 3580 corr.
619 3527 652 3577 1³²
672 3528 682 3593 i
707 3530 738 3581 18
756 3529 880 3595 puberum
901 3528 983 3579 Gron.
1018 3528 1140 3593 puberem
1158 3530 1181 3579 P

122 3601 149 3653 at
170 3598 313 3651 dinamiuis
332 3598 364 3647 P¹
392 3597 529 3649 dinonimis
546 3595 649 3662 P⁸l22
668 3597 772 3647 terroris
791 3596 872 3648 Gran.
898 3597 976 3648 errori
997 3597 1019 3644 P
1042 3595 1096 3646 ueri
1113 3596 1185 3647 Koolt

121 3668 177 3719 uani
197 3666 325 3719 Saluius
343 3680 386 3731 ap.
406 3664 486 3716 Gran.
506 3666 515 3728 tl
532 3666 685 3730 praebuerat
703 3666 750 3730 ΡΙ
769 3666 802 3716 24
820 3664 973 3715 leontiorum
991 3664 1033 3728 P¹,
1057 3680 1127 3715 oon.
1145 3664 1179 3715 P²
1197 3663 1207 3730 ΙΙ

121 3738 152 3789 25
170 3736 277 3788 uolatus
297 3733 339 3798 1²¹,
357 3749 427 3785 corr.
446 3732 479 3783 1²²
491 3732 501 3797 fl
513 3734 546 3785 26
564 3732 725 3783 adsumserat
742 3734 821 3794 Ptin
839 3733 977 3797 Sigonius,
995 3748 1045 3783 oua.
1064 3730 1107 3799 ΡΙ
1120 3734 1151 3784 28
1173 3746 1204 3782 ne

119 3810 146 3855 ut
163 3803 252 3871 etat
275 3800 376 3853 ducunt
393 3799 427 3853 1²²
452 3800 540 3851 dicunt
557 3800 589 3850 P¹
601 3799 611 3867 ΙΙ
625 3814 751 3850 mecaram
769 3800 811 3867 Py
825 3801 857 3852 33
876 3802 919 3851 nbi
939 3799 973 3850 1²²
999 3800 1034 3850 lbi
1053 3800 1084 3849 P¹
