2734 4250
90 155 111 186 ι,
123 143 176 188 cnr„
187 145 226 188 21⁴
480 127 571 180 LIBER
589 129 684 194 tillut,
702 131 743 184 33.
755 131 790 182 34
1108 129 1168 188 221

89 299 246 374 uenerint,
275 319 365 362 manu
394 318 442 362 res
464 301 646 381 Syracusana
676 311 770 374 esset,
798 311 860 362 tum
883 313 1123 379 reuerterentur;
1146 303 1171 365 si
1192 316 1207 365 8

90 384 168 446 bebo
191 385 379 460 lacesserent,
409 387 472 464 ipsa
493 405 527 447 re
548 387 766 458 intellecturos,
796 405 982 467 nequaquam
1005 387 1083 449 idem
1104 408 1170 450 esse

90 469 251 549 Syracusas
272 489 307 532 ac
330 471 493 532 Leontinos
515 489 700 551 oppugnare.
744 472 784 533 ita
812 472 914 550 legatis
936 473 1046 534 relictis
1069 482 1169 554 portas

90 555 203 616 clausit.

51 650 67 700 5
174 639 247 701 lnde
274 649 353 702 terra
382 641 516 720 marique
545 641 634 702 simul
656 650 778 719 coeptae
806 642 974 722 oppugnari
996 643 1168 722 Syracusae,
1190 655 1205 703 9

89 734 167 785 terra
190 724 226 785 ab
243 724 402 805 llexapglo
425 727 498 787 mari
520 727 556 786 ah
573 724 749 799 Achradina,
771 726 857 787 cuius
877 745 982 788 murus
1002 728 1095 789 tinctu
1117 729 1169 789 ad·

90 809 197 884 luitur;
219 820 250 871 et
271 811 349 889 quia,
372 811 449 872 sieut
463 810 627 873 Leontinos
642 821 757 871 terrore
776 829 811 871 ac
832 813 930 889 primo
945 812 1056 890 impetu
1079 831 1168 892 cepe·

89 904 166 968 rant,
190 913 251 956 non
275 895 446 956 diffidebant
467 905 580 957 uastam
605 895 817 975 disiectamque
837 897 934 974 spatio
955 896 1060 957 urbem
1083 908 1168 976 parte

90 979 186 1057 aliqua
202 997 234 1042 se
249 979 415 1054 inuasuros,
439 998 558 1042 omnem
574 990 747 1060 apparatum
765 981 1033 1059 oppugnandarum
1050 982 1168 1044 urbium

36 1075 66 1124 to
89 1064 180 1126 muris
202 1066 409 1127 admouerunt.
452 1076 481 1126 et
502 1065 654 1126 habuisset
674 1075 758 1126 tanto
780 1066 894 1144 impetu
917 1076 1020 1144 coepta
1042 1084 1091 1127 res
1106 1068 1167 1128 lor·
1180 1073 1220 1128 84

88 1160 201 1222 tunam,
225 1149 281 1211 nisi
296 1169 376 1211 unus
396 1151 486 1210 horno
502 1150 655 1230 Syracusis
669 1169 704 1211 ea
723 1159 898 1228 tempestate
913 1151 1025 1212 luisset.
1062 1153 1168 1213 hrcbi·
1190 1164 1205 1211 2

89 1234 189 1296 medes
211 1234 237 1296 is
258 1244 338 1307 erat,
366 1235 473 1296 unicus
498 1245 648 1313 spectator
674 1235 748 1295 caeli
769 1235 976 1314 siderumque,
1004 1235 1168 1297 mirabilior

89 1327 186 1380 tamen
203 1319 345 1380 inuentor
359 1337 393 1380 ac
409 1319 592 1380 machinator
604 1319 778 1380 bellicorum
793 1329 1010 1381 tormentorum
1026 1338 1167 1399 operum·

89 1422 156 1482 que,
179 1405 297 1481 quibus,
321 1404 464 1483 quidquid
478 1405 578 1466 hostes
593 1404 708 1482 ingenti
728 1405 806 1464 mole
820 1415 952 1483 agerent,
974 1405 1039 1484 ipse
1053 1405 1167 1484 perleui

37 1500 66 1550 ts
87 1498 240 1550 momento
255 1489 465 1550 ludificaretur.
505 1507 606 1551 muros
621 1507 675 1567 per
690 1489 855 1568 inaequalis
868 1491 973 1551 ductos
987 1489 1088 1564 colles,
1105 1491 1168 1569 ple·
1189 1501 1203 1550 s

88 1591 179 1652 mque
203 1575 260 1635 alta
285 1585 313 1635 et
334 1573 463 1635 dildoiha
484 1575 576 1646 aditu,
598 1573 744 1635 submissa
761 1574 906 1651 quaedam
927 1585 957 1635 et
971 1593 1046 1653 quae
1069 1575 1167 1653 planis

88 1657 215 1720 ualhbus
237 1659 311 1720 adiri
333 1670 472 1738 possent,
500 1668 534 1719 ut
555 1659 663 1737 cuique
691 1668 792 1737 aptum
822 1659 918 1720 uisum
948 1670 994 1722 est
1014 1660 1097 1734 loco,
1126 1661 1167 1721 ita

88 1761 199 1823 genere
222 1745 304 1805 omni
326 1753 543 1806 tormentorum
561 1743 711 1805 instruxit.
749 1743 932 1805 Achradinae
954 1763 1082 1817 murum,
1105 1745 1204 1824 qui‚t

88 1838 122 1889 nt
143 1839 214 1890 ante
236 1829 347 1890 dictum
371 1838 431 1903 est,
457 1829 531 1890 mari
553 1829 696 1902 adluitur,
724 1829 874 1907 sexaginta
901 1830 1167 1908 quinqueremibus

36 1924 67 1974 tlt
88 1913 243 1974 Marcellus
266 1914 465 1994 oppugnabat
503 1933 538 1975 ex
554 1914 661 1974 ceteris
683 1913 809 1975 nauibus
829 1914 972 1993 sagittarii
986 1915 1167 1978 funditores·
1189 1927 1204 1974 5

88 2016 146 2076 que
168 2008 199 2058 et
220 1999 325 2060 uelites
347 1999 449 2071 etiarn,
479 2016 606 2077 quorum
629 1998 721 2060 telum
743 1998 780 2058 ad
801 1999 1013 2060 remittendum
1036 2000 1166 2062 inhabile

87 2083 231 2164 imperitis
253 2095 307 2157 est,
334 2083 383 2145 uir
406 2102 582 2164 quemquam
605 2084 671 2146 sine
693 2084 818 2145 uolnere
840 2085 1003 2145 consistere
1026 2085 1057 2146 in
1080 2103 1166 2147 muro

87 2167 287 2248 patiebantur.
324 2169 364 2243 hi,
389 2170 458 2249 quia
480 2170 575 2249 spatio
597 2168 757 2230 missilibus
779 2188 855 2248 opus
876 2180 929 2242 est,
952 2171 1058 2248 procul
1079 2188 1167 2233 muro
1188 2182 1203 2230 6

87 2254 230 2315 tenebant
252 2271 354 2315 naues.
390 2255 508 2316 iunctae
522 2255 594 2315 aliae
616 2254 704 2315 binae
719 2254 950 2333 quinqueremes
971 2253 1098 2333 demptis
1118 2255 1166 2315 in-

34 2348 64 2399 m
86 2338 247 2401 terioribus
269 2339 372 2413 remis,
403 2350 436 2400 ut
463 2340 539 2401 latus
566 2339 650 2400 lateri
678 2339 893 2418 adplicantur,
928 2356 996 2399 cum
1019 2340 1203 2401 exterioret

86 2423 193 2485 ordine
215 2442 365 2485 remorum
389 2425 471 2486 uelut
491 2443 551 2485 una
579 2425 663 2485 nauis
691 2432 865 2504 agerentur,
893 2433 991 2484 turres
1019 2425 1166 2485 contabu-

86 2508 159 2570 latas
180 2509 476 2589 machinamentaque
498 2510 552 2570 alia
568 2509 736 2587 quatiendis
750 2509 844 2569 muris
859 2508 1025 2587 portabant.
1040 2575 1044 2584 ¹
1061 2510 1168 2570 aduer·
1189 2522 1204 2571 8

85 2612 137 2655 sus
162 2593 246 2656 hunc
268 2595 403 2655 naualem
425 2604 599 2673 apparatum
621 2594 812 2655 Archimedes
834 2593 933 2654 uariae
955 2593 1167 2672 magnitudinis

86 2688 235 2739 tormenta
258 2678 289 2739 in
313 2679 405 2741 muris
420 2679 573 2758 disposuit.
610 2679 640 2740 in
664 2697 724 2752 eas,
747 2696 823 2757 quae
843 2679 949 2756 procul
965 2688 1058 2752 erant,
1081 2680 1167 2741 nauis

33 2773 64 2823 tu
84 2780 152 2823 saxa
168 2763 284 2842 ingenti
296 2764 428 2843 pondere
441 2764 602 2837 emittebat,
617 2764 775 2843 propiores
785 2762 949 2825 leuioribus
964 2782 1058 2842 eoque
1074 2765 1166 2844 magis

85 2848 200 2909 crebris
221 2847 340 2928 petebat
361 2848 442 2923 telis;
471 2859 633 2928 postremo,
661 2859 696 2910 ut
717 2848 763 2911 sui
784 2847 910 2910 uolnere
931 2849 1034 2910 intacti
1056 2851 1113 2910 tela
1136 2850 1166 2911 in
1189 2862 1205 2912 9

172 2982 189 3033 2
206 2968 395 3045 inconsonas
420 2980 548 3032 lacessent
560 2980 602 3047 ΡΙΙ
615 2984 778 3048 nequamqud
792 2981 833 3047 ΡΙΙ
847 2984 862 3033 6
881 2981 958 3033 maria
977 2983 1010 3033 rb
1024 2982 1065 3046 ΡΙ
1079 2998 1167 3035 murus

84 3064 121 3099 ear
138 3062 226 3100 muros
244 3048 327 3113 P¹18
346 3055 436 3101 ursmn
454 3048 497 3115 ΡΙΙ
511 3054 539 3102 lt
561 3054 740 3116 tempestatem
755 3050 796 3110 P¹,
814 3065 885 3101 corr.
897 3049 932 3100 ΡΞ
944 3050 954 3114 Ι
966 3049 1067 3113 luisset,
1085 3052 1167 3103 archi·

84 3114 183 3169 medes.
209 3116 233 3167 is
252 3124 308 3167 erat
324 3118 470 3181 distinguit
486 3117 680 3170 11..tMoett0r
695 3117 705 3184 ΙΙ
728 3120 759 3169 14
777 3117 899 3183 quiequid
922 3118 968 3167 uel
991 3132 1105 3186 eaquae
1123 3120 1168 3169 uel

85 3198 152 3251 qnae
170 3190 198 3248 ς,
215 3199 267 3235 oar.
287 3185 310 3232 Ρ
332 3184 353 3235 si
373 3184 435 3250 qnid
457 3183 598 3236 Weissenb.
616 3185 626 3253 ll
647 3188 677 3237 lb
697 3200 783 3236 muros
804 3185 934 3237 Weisenb.
961 3200 1048 3237 murus
1065 3187 1089 3236 P
1111 3201 1167 3237 mu·

84 3267 139 3304 rum
157 3256 178 3316 ς
196 3252 206 3317 l
224 3250 318 3303 ductos
338 3252 481 3305 Weissenb.
509 3253 602 3305 ductus
620 3254 643 3303 P
667 3253 772 3305 ductum
790 3257 809 3317 ς
829 3254 839 3315 Ι
861 3255 892 3305 16
909 3252 959 3304 alia
978 3253 1028 3311 Pl
1050 3251 1166 3305 diflicilia

85 3320 170 3372 aditus
187 3321 212 3371 Ρ
243 3318 356 3371 difficilis
375 3320 460 3373 aditus
479 3321 561 3373 Grom
583 3320 593 3387 ΙΙ
616 3324 648 3374 tr
666 3320 730 3372 adiri
748 3325 767 3385 ς
797 3320 868 3372 adire
885 3319 936 3386 Pp
957 3326 987 3371 ut
1004 3324 1031 3385 ς,
1052 3335 1103 3373 om.
1123 3321 1168 3388 Pl

87 3390 117 3441 18
135 3387 273 3440 nondinae
290 3387 326 3440 ΡΙ
345 3388 355 3455 i
376 3391 406 3441 ts
424 3388 519 3441 aluitur
535 3388 582 3456 Pi
601 3403 633 3440 ιι
651 3389 711 3440 coil,
733 3389 823 3457 Polyb.
836 3388 861 3453 8,
874 3389 926 3452 qr
953 3393 979 3438 et
996 3388 1064 3439 ΡΜ.
1082 3388 1167 3441 Mur-c.

86 3456 156 3517 14,3
172 3456 320 3507 Boettcher
336 3456 403 3507 duee
420 3454 581 3519 Matidiam,
600 3458 648 3522 qui
665 3472 697 3507 ex
715 3471 747 3508 ιι
760 3459 913 3523 proposuit,
931 3470 963 3507 ex
981 3456 1024 3523 Pll
1036 3458 1069 3508 20
1087 3457 1166 3523 sagit·

85 3525 131 3575 teri
149 3525 193 3593 ΡΙ
206 3526 241 3577 23
259 3524 338 3576 statio
356 3524 389 3574 Ρι
414 3524 500 3576 statim
519 3524 554 3577 1²²
570 3525 627 3592 1124
645 3524 736 3575 binaea
753 3527 777 3576 Ρ
803 3525 1009 3576 binae-erant
1025 3538 1072 3574 rur
1090 3541 1114 3591 q.
1132 3554 1167 3563 -

85 3592 129 3642 uel
144 3593 271 3644 binae-
285 3606 331 3645 eae
349 3599 422 3643 erant
439 3604 485 3643 rur
502 3610 528 3660 q¹
546 3620 580 3631 -
599 3592 657 3645 coil.
678 3593 768 3659 Polgb.
781 3594 798 3644 i.
811 3594 829 3643 i.
841 3593 1064 3644 resilientium·
1090 3593 1166 3645 binae

83 3688 116 3699 -
129 3676 174 3713 eae
193 3672 242 3710 rut
261 3665 336 3711 eraut
347 3676 372 3727 q.
385 3688 418 3698 -
431 3664 500 3713 coni.
517 3660 658 3713 Weiarmd.
671 3660 681 3726 ΙΙ
695 3662 728 3712 26
739 3676 790 3712 uua
803 3661 877 3712 nauis
890 3658 997 3712 Crivier
1023 3676 1122 3713 uuanes
1133 3663 1166 3713 Ρι

83 3743 161 3781 naues
178 3728 216 3779 P’
236 3726 247 3795 l
271 3728 455 3780 eontbbulatae
472 3730 504 3780 ΡΙ
539 3728 721 3781 contabulatas
738 3728 800 3795 P²l
823 3730 855 3781 te
874 3727 966 3781 nauale
984 3729 1007 3778 Ρ
1027 3729 1037 3796 l
1057 3730 1090 3782 30
1109 3743 1167 3795 pro·

83 3797 179 3861 priores
198 3796 243 3862 ΡΙ
258 3799 291 3850 at
311 3796 416 3847 crebriis
433 3797 476 3864 Pp
487 3796 528 3849 sui
545 3802 565 3861 ς
591 3810 665 3848 suum
683 3796 707 3845 P
