2734 4250
119 118 139 153 a.
154 108 206 153 car.
220 110 259 153 ιιι
498 92 593 147 until
609 93 698 158 xxvi,
719 96 758 148 tt.
776 96 808 148 10
1148 92 1189 153 23

118 265 190 328 tides
212 275 272 340 est,
298 266 371 345 quin
393 266 492 347 potius
513 275 599 328 aucta
620 276 683 329 arte
712 267 835 347 quadam
867 286 924 329 nec
952 266 1103 329 abnuendi
1132 268 1188 330 tale

117 351 277 430 quiequam
299 369 357 413 nec
378 352 473 432 palam
495 353 678 414 adfirmandi.
715 354 806 415 multa
827 352 883 414 alia
906 352 1039 415 eiusdem
1061 354 1190 432 generis,
1211 364 1227 414 a

116 435 172 497 alia
194 454 275 509 nera,
296 436 353 498 alia
373 436 555 510 ammenta,
576 438 777 501 admirationis
799 438 951 499 humanae
968 438 998 500 in
1022 457 1057 500 eo
1079 437 1189 499 iuuene

116 530 306 584 excesserant
314 521 449 597 modum;
463 522 571 601 quibus
581 524 656 584 ireta
666 532 739 584 tunc
750 523 854 585 ciuitas
865 523 951 584 aetati
962 523 1190 603 haudquaquam

71 616 89 666 5
113 617 247 669 maturae
269 614 381 669 tantm
402 625 508 668 rerum·
525 608 633 669 molem
653 617 830 688 tantumque
852 606 1009 688 imperium
1024 609 1166 689 permisit.

201 692 245 753 nd
268 710 319 753 eas
339 693 450 772 copias,
473 710 546 771 quas
568 711 603 754 ex
627 705 729 756 uetere
750 692 883 755 exercitu
900 692 1041 773 Hispania
1062 692 1189 755 babebat
1210 701 1240 753 lt

114 795 252 856 quaeque
265 796 282 838 a
297 776 428 839 Puteolis
445 796 514 839 eum
530 777 561 839 C.
577 778 695 840 Nerone
717 778 855 840 traiectae
875 788 969 852 erant,
992 779 1095 840 decern
1109 778 1188 840 milia

112 861 242 923 militnm
264 873 295 924 et
315 862 396 923 mille
417 864 531 943 equites
551 862 717 946 adduntur3
740 872 770 925 et
791 863 829 924 bl.
852 863 955 925 lunius
978 863 1096 925 Silanus
1117 882 1188 943 pro·

114 957 236 1028 praetor
257 946 375 1010 adiutor
395 946 501 1010 adres
522 948 668 1028 gerendas
695 949 780 1011 datus
806 958 858 1011 est.
902 948 942 1009 ita
971 966 1039 1010 cum
1067 947 1189 1027 triginta
1212 956 1238 1007 11

56 1042 90 1093 td
113 1032 237 1095 nauium
252 1032 401 1095 classe-
416 1052 521 1096 omnes
535 1045 634 1095 autem
652 1034 883 1113 quinqueremes
897 1041 984 1095 erant
998 1067 1039 1079 -
1053 1034 1089 1095 ab
1106 1034 1188 1097 ostiis

113 1116 265 1180 Tiberinis
292 1119 443 1197 proiectus
472 1129 591 1198 praeter
618 1137 702 1180 oram
732 1118 821 1181 Tusci
849 1119 953 1191 maris,
982 1118 1070 1198 Alpes
1098 1127 1187 1198 atque

113 1201 261 1264 Gallienus
274 1202 373 1265 sinum
384 1213 415 1264 et
428 1204 538 1266 deinde
548 1204 691 1284 Pyrenaei
703 1204 921 1265 circumuectus
935 1204 1187 1282 promunturium,

111 1286 264 1367 Emporiis
285 1288 360 1348 urbe
382 1288 493 1351 Graeca
513 1322 557 1335 -
578 1288 699 1351 oriundi
719 1298 749 1351 et
775 1288 832 1369 ipsi
860 1306 877 1349 a
899 1286 1031 1350 Phocaea
1052 1298 1124 1350 sunt
1144 1324 1187 1334 -

112 1372 218 1453 copias
239 1372 383 1452 exposuit
419 1374 489 1436 indo
503 1373 588 1453 sequi
604 1373 730 1437 nauibus
746 1374 834 1436 iussis
848 1372 1048 1435 Tarraconem
1062 1372 1187 1452 pedibus
1208 1379 1237 1431 ta

57 1466 89 1517 tt
110 1458 266 1539 proiectus
287 1468 470 1520 conuentum
499 1459 632 1525 omnium
656 1460 806 1521 sociorum
829 1492 871 1504 -
893 1457 1003 1520 etenim
1024 1458 1187 1538 legationes

111 1543 151 1604 ad
178 1542 286 1604 lainam
317 1541 381 1605 eius
408 1562 445 1605 ex
472 1545 554 1606 omni
579 1562 612 1605 se
640 1544 795 1623 prouincia
824 1543 990 1605 effuderant
1012 1576 1050 1589 -
1074 1542 1185 1605 habuit.

112 1646 208 1690 naues
228 1626 270 1689 ibi
291 1628 416 1689 subduci
436 1629 523 1691 iussit
538 1629 670 1691 remissis
685 1638 825 1708 quattuor
839 1628 1009 1691 triremibus
1024 1627 1186 1690 Massilien·
1209 1633 1237 1684 ta

109 1713 201 1787 sium,
223 1730 300 1792 quae
321 1713 411 1775 cilicii
431 1732 519 1777 causa
535 1714 570 1775 ab
586 1715 675 1776 domo
689 1722 864 1794 prosecutae
879 1714 1006 1775 lucrant
1043 1731 1186 1794 responsa
1208 1717 1237 1770 tt

109 1798 184 1859 inde
210 1797 409 1876 legationibus
430 1799 582 1878 suspensis
606 1799 747 1861 uarietate
775 1808 820 1861 tot
846 1816 967 1861 casutma
989 1798 1060 1860 dare
1087 1799 1186 1879 coepit

56 1894 87 1945 11
108 1884 153 1945 ita
173 1882 251 1944 elato
273 1881 311 1943 ab
332 1884 448 1962 ingenti
464 1884 618 1946 uirtutium
633 1902 756 1945 snamm
770 1883 875 1946 fidncia
890 1883 1000 1956 animo,
1022 1892 1056 1945 nt
1071 1884 1184 1946 nullum

108 1970 198 2029 ferox
220 1968 346 2030 uerbum
368 1969 526 2043 excideret,
548 1969 713 2049 ingensque
735 1968 874 2031 omnibus
893 1988 969 2049 quae
984 1968 1096 2030 diceret
1116 1987 1184 2031 cum

108 2054 249 2115 maimtm
269 2054 380 2115 inesset
401 2063 463 2116 tum
476 2054 560 2117 ildes
597 2056 749 2136 proiectus
769 2054 806 2115 ab
821 2052 990 2114 Tarracone
1004 2063 1036 2114 et
1050 2054 1183 2123 ciuitates
1197 2056 1237 2113 11)

108 2139 263 2202 sociorum
290 2149 321 2200 et
349 2139 473 2201 hiberna
502 2141 648 2203 exereitus
674 2141 761 2214 adiit,
790 2139 1039 2218 conlaudauitqce
1067 2138 1183 2212 milites,

109 2224 194 2304 quod
204 2224 320 2286 duabus
330 2226 419 2287 tantis
430 2225 571 2305 deinceps
578 2225 710 2288 cladibus
725 2225 775 2287 icti
786 2224 972 2305 prouinciam
985 2223 1184 2303 optinuissent

58 2317 87 2369 z
108 2328 168 2372 nee
189 2310 321 2372 linctum
341 2312 538 2373 secundarum
559 2329 662 2372 rerum
687 2311 799 2372 sentire
823 2308 916 2372 hostis
938 2309 1015 2389 passi
1038 2308 1120 2369 omni
1141 2309 1184 2371 cis
1205 2317 1221 2367 1

111 2394 258 2456 Hiberum
280 2411 351 2473 agro
373 2413 426 2457 eos
447 2396 611 2458 munissent
631 2395 788 2474 sociosque
810 2413 879 2455 cum
897 2394 953 2456 dde
974 2393 1060 2454 tuuti
1074 2404 1183 2456 essent.

109 2479 257 2542 liarcinm
278 2497 380 2542 secum
402 2481 528 2543 babebat
549 2499 617 2543 cum
638 2490 722 2543 unta
737 2479 861 2552 honore,
884 2487 917 2540 ut
931 2478 1015 2540 facile
1029 2488 1185 2558 appareret
1206 2487 1221 2536 t

111 2564 189 2627 nibil
202 2565 302 2626 minus
317 2564 414 2627 uereri
428 2584 517 2646 qnam
532 2584 572 2627 ne
585 2566 653 2645 quis
667 2573 799 2646 opstaret
809 2563 920 2645 gloriae
931 2581 1011 2625 suae.
1042 2563 1183 2626 successit
1205 2571 1220 2623 t

109 2651 184 2712 inde
197 2649 310 2712 Neroni
325 2649 454 2725 Silanus,
476 2661 507 2712 et
528 2651 558 2712 in
574 2651 698 2712 hiberna
713 2650 819 2713 milites
838 2649 910 2710 noui
925 2648 1052 2710 deducti.
1083 2649 1182 2728 Scipio

61 2745 89 2795 tt
108 2734 260 2807 omnibns,
282 2752 358 2813 qnae
380 2736 515 2799 adeunda
528 2736 703 2816 agendaque
720 2745 815 2808 erant,
837 2744 951 2796 mature
973 2733 1058 2796 aditis
1079 2751 1182 2814 perac-

110 2821 209 2900 tisque
231 2819 431 2882 Tarraconem
453 2822 610 2884 concessit.
661 2821 754 2882 nihilo
776 2821 875 2881 minor
902 2821 977 2881 lama
999 2827 1070 2899 aput
1090 2819 1219 2882 bostist

110 2905 261 2985 Scipionis
282 2914 346 2966 erat
362 2923 450 2984 quam
465 2905 546 2986 apnd
561 2906 634 2968 ciuis
647 2906 815 2985 sociosque,
837 2913 868 2966 et
882 2903 1024 2967 diuinatio
1040 2905 1183 2984 quaedam

110 2991 219 3065 luturi,
248 3008 308 3070 quo
336 2991 435 3053 minus
462 2991 537 3053 ratio
562 2990 676 3054 timoris
698 2991 781 3052 reddi
803 2999 919 3070 poterat
941 2988 1039 3051 oborti
1061 3000 1182 3062 temere,

110 3162 198 3294 md
215 3157 280 3210 lreta
292 3157 326 3208 1²¹
336 3157 399 3210 1ιιιι
413 3158 445 3210 1²¹
457 3159 468 3226 Ι
480 3164 541 3211 tunc
552 3163 572 3224 ς
584 3175 651 3212 nnnc
661 3159 704 3226 ΡΙ
717 3162 732 3211 5
745 3173 827 3209 rerum
840 3157 933 3210 molem
947 3173 981 3207 ecc
992 3156 1085 3208 molem
1099 3171 1181 3208 rerum

231 3239 331 3293 ueqnm
348 3227 392 3291 ΡΙ
403 3227 506 3279 traiecta
525 3227 567 3297 ΡΙ
580 3226 658 3279 millia
678 3226 723 3295 Pl
737 3229 752 3279 8
770 3225 841 3277 mille
858 3227 886 3289 ς,
904 3241 954 3276 om.
971 3224 1013 3291 ΡΙΙ
1027 3239 1098 3292 prop
1082 3220 1125 3275 “ι“.
1138 3224 1181 3292 Pu

113 3299 144 3349 ld
155 3229 273 3347 'aba
245 3296 380 3360 eam
396 3309 446 3347 ιιι
464 3295 507 3362 ΡΙ
522 3227 567 3348 11Ι
571 3302 648 3362 atque
666 3298 685 3360 ς
702 3226 785 3361 nueqne
803 3239 1182 3360 eptapyreneil’tcpircum-

111 3370 204 3417 uentus
222 3361 265 3427 ΡΙ
279 3364 311 3414 tt
329 3368 356 3413 el
372 3363 432 3428 ipsi]
446 3368 560 3430 propter
577 3365 626 3414 boa
642 3379 722 3415 uocas
738 3366 765 3413 ot
777 3363 937 3412 mentionem
949 3363 1101 3411 triremium
1111 3359 1182 3410 Mas-

111 3433 289 3484 citiensium·
278 3445 308 3480 aa
325 3429 344 3497 ἕ
362 3430 395 3483 13
412 3428 520 3482 Ονόιίιι·
538 3434 692 3497 ειιιρίιιιειιι·
708 3435 739 3481 la
755 3431 914 3481 immodicae
929 3429 1115 3494 nauigationis
1131 3429 1181 3480 ali-

113 3504 274 3566 quosaam
290 3499 466 3561 imaum,
484 3501 581 3565 quibua
598 3500 630 3550 de
647 3498 769 3550 Massilia
787 3501 876 3549 udum
893 3495 1047 3562 1111411111
1064 3496 1127 3548 insls
1144 3496 1181 3564 Pp

114 3570 146 3620 te
162 3569 256 3620 lamani
273 3564 309 3618 Ρ
325 3566 375 3617 lani
393 3567 425 3619 P¹
437 3567 493 3634 118
511 3582 562 3634 qae
579 3566 620 3635 Pl
634 3569 664 3620 11
684 3565 782 3618 diceret
798 3568 888 3629 ιιιιις
904 3563 1052 3632 diceretque
1069 3579 1125 3616 cnm
1141 3564 1181 3630 ΡΙ

114 3637 145 3688 11
163 3642 298 3689 tarroeone
316 3634 359 3700 ΡΙ
371 3636 403 3686 bd
420 3636 545 3688 arsissent
561 3635 604 3704 ΡΙ
617 3638 649 3688 tt
668 3639 740 3686 tanto
758 3651 792 3684 ecc
809 3638 883 3684 tantu
902 3632 932 3683 Ρι
944 3630 954 3700 ΙΙ
966 3633 999 3685 18
1011 3632 1091 3685 uereri
1104 3647 1181 3700 quam

113 3706 132 3766 ς
146 3719 197 3786 qaia
184 3701 213 3772 Ἰ
224 3703 308 3755 uereri
325 3701 413 3822 2130
430 3702 546 3756 adeunda
564 3704 598 3755 P¹
614 3701 713 3755 denuda
731 3701 764 3754 P¹
777 3701 912 3768 limaturae
927 3701 970 3768 ΡΙΙ
982 3702 1015 3754 33
1028 3700 1112 3752 oborti
1104 3648 1183 3752 anl·

113 3775 211 3824 παίω
227 3778 320 3837 oporte
