2734 4250
200 140 264 203 274
590 140 684 195 LlBER
702 142 782 210 XXX,
799 145 841 197 29.
858 144 892 197 30
1128 170 1150 206 a.
1163 170 1187 204 n.
1201 170 1223 203 c.
1236 162 1279 205 “2

159 318 291 380 onibilo
313 317 449 399 prolecto
472 324 627 395 concepta,
648 314 805 395 perculsus
825 326 880 377 est
923 316 1022 396 itaque
1043 335 1224 397 quamquam
1246 328 1279 381 et

198 404 261 487 ipse
277 420 364 465 causa
380 400 448 463 belli
463 410 528 462 erat
542 410 571 462 et
585 402 717 462 aduentu
731 418 786 463 suo
802 400 974 464 turbauerat
987 411 1018 463 et
1031 411 1133 482 pactas
1146 402 1277 465 indutias

198 496 228 549 et
248 506 332 567 spem
355 486 524 561 foederum,
552 496 669 558 umen,
698 486 724 547 ei
746 485 862 566 integer
882 505 971 566 quam
992 487 1018 549 si
1039 487 1139 550 uictus
1159 497 1278 567 peteret

197 588 312 653 pacem,
334 572 473 650 aequiora
488 571 640 650 impetrari
662 589 752 650 posse
773 582 863 645 ratus,
885 572 1025 635 nuntium
1048 574 1085 635 ad
1099 573 1276 652 Scipionem

160 669 177 721 o
197 656 286 731 misit,
308 666 343 718 ut
357 654 558 735 conloquendi
573 672 674 718 secum
690 664 868 735 potestatem
882 658 1002 719 laceret
1045 658 1075 720 id
1098 666 1201 719 utrem
1222 672 1316 722 uras

197 750 305 823 sponte
317 742 420 804 lecerit
429 760 466 803 an
480 740 600 821 publico
616 740 751 814 consilio,
772 752 914 803 neutrum
928 761 982 805 cor
996 742 1150 805 adilrmem
1166 742 1275 805 babeo.

160 840 176 890 1
197 826 330 889 Valerius
352 826 455 888 lotias
482 826 580 906 primo
602 826 717 905 proelio
740 827 852 889 uictum
875 845 944 889 eum
966 827 1003 888 ab
1026 827 1183 908 Scipione,
1213 847 1274 908 quo

197 912 353 975 duodecim
370 912 448 974 milia
470 920 650 973 armatorum
666 910 696 971 in
720 912 783 972 acie
805 912 867 973 sint
888 930 983 985 mesa,
1004 913 1084 975 mille
1105 922 1137 974 et
1156 914 1275 993 septin-

158 1090 174 1143 8
195 997 568 1163 titillabit.
575 994 744 1141 “laihi
753 996 866 1161 “tul
878 997 1275 1162 balbutiunt}
1297 1096 1330 1149 o

196 1166 357 1241 abnuisset,
373 1165 460 1229 ambo
475 1184 510 1227 ea
526 1165 692 1247 composito
707 1164 799 1229 duces
812 1176 908 1229 castra
922 1166 1122 1247 protulerunt,
1142 1180 1177 1229 ut
1190 1170 1274 1231 coire

157 1262 231 1314 aex
252 1252 424 1333 propinquo
445 1260 576 1331 possent.
621 1250 723 1330 Scipio
752 1251 831 1313 baud
857 1252 965 1332 procul
990 1252 1158 1332 Naraggara
1186 1252 1272 1325 urbe,

196 1356 263 1399 cum
279 1336 314 1398 ad
330 1346 427 1399 cetera
443 1337 509 1398 loco
526 1344 697 1416 opportuno
711 1342 775 1397 tum
790 1336 870 1415 quod
886 1338 1004 1416 aquatio
1023 1338 1103 1399 intra
1123 1338 1175 1399 teli
1197 1356 1273 1401 con-

142 1430 172 1484 10
193 1422 302 1485 iectum
326 1431 398 1496 erat,
421 1422 565 1484 consedit.
611 1420 759 1482 Hannibal
781 1422 927 1483 tumulum
950 1439 967 1483 a
988 1430 1131 1502 quattuor
1151 1421 1274 1485 milibus

194 1509 274 1582 inde,
296 1516 392 1569 tutum
408 1506 657 1584 commodumque
672 1505 792 1585 alioqui,
815 1506 874 1569 nisi
887 1506 968 1586 quod
982 1507 1164 1587 longinquae
1178 1526 1271 1588 aqna
1294 1520 1323 1571 15

194 1593 284 1655 tionis
306 1600 377 1665 erat,
400 1592 488 1672 cepit.
527 1591 568 1651 ibi
590 1591 621 1651 in
644 1588 742 1651 medio
763 1591 848 1653 locus
869 1602 1049 1673 conspectus
1062 1592 1207 1673 undique,
1229 1613 1271 1657 ne

194 1678 264 1756 quid
287 1677 460 1739 insidiarum
484 1682 570 1749 esset,
593 1674 736 1736 delectus.

141 1764 182 1821 ω
280 1762 442 1823 Summotis
462 1761 527 1840 pari
548 1759 644 1840 spatio
666 1760 786 1822 armatis
807 1778 876 1822 cum
904 1760 1029 1841 singulis
1056 1762 1272 1842 interpretibus

195 1846 347 1927 congressi
362 1854 443 1917 sunt,
466 1863 527 1906 nnn
543 1862 614 1907 suae
629 1844 720 1907 modo
733 1846 836 1907 aetatis
849 1845 968 1907 maximi
982 1847 1083 1921 duces,
1104 1848 1156 1909 sed
1171 1848 1272 1910 omnis

193 1939 261 1993 ante
282 1948 314 1992 se
335 1930 505 2004 memoriae,
528 1931 661 1991 omnium
683 1931 818 2009 gentium
839 1931 962 1993 cuilibet
981 1949 1089 2012 regum
1109 1932 1272 2012 imperato·
1291 1946 1324 1999 2)

154 2024 297 2077 aramue
318 2033 415 2095 pares.
457 2013 609 2095 paulisper
629 2016 704 2077 alter
724 2015 844 2078 alterins
865 2024 1045 2096 conspectu,
1073 2016 1270 2081 admiratione

153 2112 169 2163 3
189 2110 290 2164 mutua
306 2118 401 2184 prope
415 2100 541 2175 attoniti,
564 2101 748 2163 conticuere
783 2109 847 2164 tum
863 2101 1011 2164 Hannibal
1026 2102 1125 2183 prior:
1144 2096 1190 2166 ‘Si
1208 2102 1269 2166 boc

192 2187 233 2248 ita
247 2189 306 2249 lato
322 2186 423 2248 datum
438 2195 511 2260 erat,
527 2195 569 2259 ut,
585 2186 635 2265 qui
650 2187 767 2266 primus
779 2186 891 2248 bellum
907 2187 993 2250 intuli
1008 2189 1121 2268 populo
1131 2188 1269 2250 Romano

191 2273 303 2352 quique
318 2273 429 2334 totiens
450 2289 545 2352 prope
567 2271 598 2332 in
621 2270 759 2334 manibus
780 2271 935 2334 uictoriam
958 2273 1057 2346 babai,
1079 2275 1105 2336 is
1125 2273 1207 2335 ultro
1229 2275 1266 2336 ad

191 2376 294 2438 pacem
323 2358 482 2438 petendam
509 2356 660 2426 uenirem,
689 2356 784 2418 laetor
811 2366 841 2419 tc
869 2357 943 2419 mibi
970 2367 1053 2420 sorte
1079 2359 1269 2438 potissimrun
1290 2371 1324 2424 z

155 2452 172 2503 1
192 2442 302 2516 datum,
325 2461 340 2503 a
363 2460 423 2521 qun
445 2451 587 2522 peterem.
631 2440 685 2502 tibi
707 2459 829 2522 quoque
850 2442 930 2503 inter
950 2443 1042 2504 multa
1063 2444 1182 2524 egregia
1205 2463 1268 2506 nnn

193 2527 224 2588 in
240 2527 351 2589 ultimis
365 2527 484 2588 laudum
506 2526 564 2586 boc
585 2526 683 2599 luerit,
707 2525 914 2601 Hannibalem,
936 2529 986 2590 cui
1007 2537 1053 2590 tot
1073 2529 1111 2590 de
1125 2529 1270 2592 Romanis

190 2612 317 2674 ducibus
331 2611 486 2674 uictoriam
509 2610 538 2672 di
561 2609 721 2684 dedissent,
743 2610 798 2673 tibi
819 2613 952 2686 comissa,
974 2623 1065 2692 teque
1085 2614 1157 2675 buic
1177 2613 1269 2688 bello,

191 2698 299 2759 uestris
321 2697 405 2776 prius
426 2713 513 2776 quam
536 2695 649 2757 nostris
670 2695 804 2758 cladibus
825 2697 945 2776 insigni,
966 2699 1058 2760 linem
1078 2698 1268 2778 imposuisse.

151 2781 246 2842 ahoe
269 2799 389 2861 quoque
412 2778 572 2842 ludibrium
595 2799 682 2842 casus
703 2781 829 2844 ediderit
850 2783 986 2856 lortuna,
1015 2792 1063 2857 ut,
1092 2801 1161 2846 cum
1182 2793 1269 2863 patre
1290 2795 1326 2846 ta

187 2875 239 2927 tuo
262 2865 386 2927 consule
409 2865 538 2946 ceperim
562 2883 659 2940 arma,
682 2884 750 2927 cum
773 2869 877 2928 eodem
901 2867 1030 2947 primum
1052 2869 1187 2930 Romano
1209 2869 1267 2929 im·

190 2997 376 3050 Wteaanlnrn
399 2995 544 3066 fiduciaque
567 3001 591 3052 Ρ
610 2997 704 3052 fidncia
727 3013 794 3066 qnos
816 3000 855 3049 Σ1
877 2999 959 3055 Gran.
977 3000 987 3066 Ι
1008 3005 1020 3053 1
1048 3001 1128 3054 nihilo
1148 3001 1188 3052 Σ·
1211 3002 1267 3054 ailo

186 3083 222 3117 etc
245 3065 298 3118 dilo
322 3067 354 3118 Ρ
372 3065 382 3132 ΙΙ
402 3074 525 3134 concepta
554 3081 690 3134 percussus
717 3073 758 3119 est
781 3069 806 3118 P
827 3075 952 3134 concepta
975 3077 1017 3120 eet
1041 3070 1097 3134 (uel
1118 3073 1184 3134 erat)
1209 3084 1268 3136 per·

186 3134 274 3187 culsne
292 3133 330 3184 Σ·
353 3139 477 3200 concepta
500 3141 585 3199 esset,
609 3135 742 3202 perculsus
767 3135 849 3188 Gron.
867 3135 878 3202 Ι
895 3138 912 3189 2
929 3142 1019 3203 pactae
1036 3139 1060 3190 Ρ
1078 3145 1183 3204 μανι
1200 3138 1270 3206 ΣἾ

185 3207 202 3258 l
220 3203 324 3271 equiora
343 3202 521 3270 Paeqninretn
534 3201 571 3253 ΣΙ
583 3203 593 3270 l
605 3203 747 3268 scipionem
763 3204 933 3271 caepionem
950 3203 982 3256 Ρ
995 3203 1006 3272 Ι
1017 3208 1035 3258 11
1046 3220 1079 3257 an
1090 3204 1162 3257 ΡΣ
1173 3207 1200 3258 in
1212 3206 1270 3272 ΡῚ

185 3269 308 3324 adflrmen
327 3270 396 3337 Pl'l
415 3270 496 3323 abz'¹
514 3271 743 3336 al’ttlmilliaP
772 3273 887 3340 auntPl
901 3275 931 3326 11
951 3273 1203 3326 coirel'eoierant
1219 3273 1270 3341 ΡΙ

185 3343 216 3394 12
226 3353 364 3408 namara
374 3341 505 3390 Pnarcara
515 3339 553 3388 Σ*
561 3353 672 3405 nagpm
683 3337 737 3390 2⁸?
771 3339 860 3391 orbem
869 3341 950 3406 rrta
962 3355 1021 3392 cnm
1031 3357 1082 3393 nan
1092 3341 1149 3410 ὶῚ
1157 3342 1268 3409 aqnado

183 3407 222 3458 ΣΡ
238 3407 342 3476 aqnalln
356 3407 397 3473 ΡΙ
412 3409 444 3460 11
456 3406 569 3459 millibus
581 3408 626 3472 ΡΙ
639 3409 670 3459 ti
683 3406 845 3460 commodum
860 3409 923 3468 (om.
935 3413 997 3476 qne)
1008 3409 1046 3459 Σ·
1056 3409 1069 3476 Ι
1079 3409 1194 3478 adoqnin
1206 3409 1271 3491 ΣἹ

182 3473 577 3610 ῙΞΡἏἏΞἚΙΙἛΕΞΣἭ
589 3475 1096 3611 tt⁰tt¹⁰ttdliftll⁷d¹f⁰tt
1105 3479 1268 3614 (illibi

184 3559 273 3676 lualid)
291 3610 365 3662 intuli
379 3557 554 3663 eonsfburer
589 3613 622 3663 24
634 3625 716 3677 prope
727 3627 778 3665 cn.
792 3611 828 3661 2⁴
840 3611 851 3680 Ι
863 3612 944 3665 balat
955 3614 1000 3677 ΡΙ
1010 3613 1044 3666 211
1055 3618 1126 3666 sorte
1142 3629 1195 3664 on.
1207 3614 1269 3678 ΣῚ

185 3679 345 3743 petissimnm
363 3679 404 3742 1⁰¹,
422 3695 493 3731 corr.
511 3679 546 3729 Ρ
592 3681 624 3731 26
642 3678 746 3747 graelpla
763 3679 796 3731 1⁸¹
816 3678 935 3746 egroelpia
954 3680 989 3733 1³¹
1006 3681 1017 3747 Ι
1035 3683 1067 3733 2¹1
1086 3685 1125 3732 tot
1142 3681 1176 3734 de
1193 3682 1219 3732 P
1232 3681 1269 3734 de

185 3748 224 3796 tot
242 3743 278 3794 ΣΙ
291 3745 302 3810 l
314 3747 346 3796 29
364 3747 435 3824 prins
453 3746 490 3796 ΣΙ
508 3747 567 3812 plns
585 3748 711 3814 Ppotlus
728 3747 760 3798 11.
777 3749 802 3800 Ι.
815 3747 1096 3801 Mastanabale.
1113 3749 1271 3816 runata!

185 3813 218 3863 30
237 3825 312 3862 casm
331 3811 439 3864 ediderit
456 3813 558 3865 lortnna
575 3816 600 3866 Ρ
614 3813 732 3868 inmunes
750 3831 826 3868 mens
843 3815 953 3869 ediderit
968 3817 1005 3868 >3¹
1019 3816 1074 3884 131
1091 3817 1203 3872 comle
1219 3818 1269 3882 ἕ,
