2734 4250
91 161 112 197 ι.
126 150 177 197 cm.
191 152 232 196 aco
470 136 564 191 LlBER
583 136 681 205 xxvii,
700 142 741 194 31.
760 141 793 193 32
1107 138 1168 201 105

91 307 216 370 Achaeis
230 308 433 383 dissentirent,
455 319 486 371 et
499 310 609 372 intensi
624 310 745 383 Aetolis,
767 328 844 391 quos
859 310 1026 374 Romanum
1049 328 1169 391 quoquc

90 394 235 455 aduersus
265 412 298 455 se
325 394 454 457 mouisse
485 394 596 455 bellum
630 394 800 457 credebant.
844 398 969 476 proiecti
1003 396 1039 457 ab
1068 397 1169 477 Dymis
1191 404 1219 465 tt

90 479 255 540 coniuncto
270 479 403 541 exercitu
418 487 577 542 transeunt
590 478 724 542 mosum
741 498 869 555 amnem,
885 482 935 561 qui
951 482 1049 544 Elium
1065 499 1169 561 agrum

90 561 128 625 ab
142 563 274 644 Dymaeo
296 564 415 625 dirimit
454 564 583 645 primum
605 564 693 639 diem,
716 585 776 645 quo
798 566 866 629 linis
889 567 1017 629 bostium
1040 568 1166 647 ingressi
1183 568 1221 627 82

54 658 169 721 esunt,
192 648 365 729 populando
386 648 626 730 absumpserunt.
669 661 790 729 postero
813 652 860 713 die
882 651 945 713 acic
967 652 1111 713 instructa
1133 652 1168 713 ad

91 732 196 795 urbem
211 742 402 797 accesserunt
414 734 584 815 praemissis
600 735 759 814 equitibus,
781 736 832 815 qui
855 734 1056 817 obequitando
1076 737 1170 816 portis

90 827 263 899 promptum
284 819 322 880 ad
343 819 535 881 excursiones
552 837 649 898 genus
662 820 842 883 lacesserent
856 821 1039 883 Aetolorum.
1083 821 1169 899 igno·
1191 832 1207 885 2

89 903 198 966 rabant
225 902 390 984 Sulpicium
417 922 486 965 cum
515 904 685 983 quindecim
715 904 842 967 nauibus
868 904 905 967 ab
927 906 1079 986 Naupacto
1102 906 1169 987 Cyl·

90 987 181 1051 leuen
204 988 355 1051 traiecisse
377 998 408 1051 et
428 989 571 1069 expositis
592 989 623 1051 in
646 998 758 1051 terram
780 998 920 1069 quattuor
938 990 1059 1052 milibus
1073 1009 1169 1053 arma·

40 1082 69 1135 tu
90 1082 190 1137 torum
211 1073 329 1135 silentio
350 1075 458 1147 noctis,
480 1094 520 1136 ne
539 1075 673 1155 conspici
688 1092 793 1154 agmen
809 1084 918 1155 posset,
941 1076 1066 1137 intrasse
1081 1075 1166 1137 Elim.

89 1158 190 1239 itaque
212 1158 365 1239 inprouisa
387 1176 436 1221 res
457 1159 609 1238 ingentem
623 1159 896 1233 iniecitterrorem
919 1168 1077 1241 postquam
1092 1160 1171 1223 inter
1192 1172 1207 1225 t

90 1243 211 1305 Aetolos
239 1242 381 1323 Eliosque
410 1244 543 1306 Romana
572 1244 655 1324 signa
684 1252 773 1323 atque
802 1262 882 1306 arma
916 1262 1096 1324 cognouere.
1141 1252 1208 1309 att

90 1329 188 1409 primo
210 1328 346 1408 recipere
372 1348 443 1392 suos
468 1329 605 1391 uoluerat
632 1346 698 1405 rex;
726 1329 795 1391 dein
820 1337 972 1391 contracto
1002 1330 1060 1391 inm
1090 1330 1169 1392 iuter

91 1413 211 1475 Aetolos
239 1422 270 1475 et
296 1412 403 1475 Trallis
423 1448 466 1460 -
494 1413 662 1495 lllyriorum
690 1414 720 1475 id
749 1422 795 1476 est
819 1432 980 1493 genus-
1008 1415 1169 1477 certamine

39 1505 69 1557 tc
91 1516 159 1561 cum
181 1498 284 1579 urgeri
304 1498 420 1560 uideret
440 1518 521 1571 suos,
543 1508 575 1560 et
588 1499 652 1579 ipsc
665 1517 719 1560 rex
737 1516 804 1560 cum
821 1498 953 1578 equitatu
968 1499 998 1561 in
1015 1498 1169 1561 cohortem

91 1584 257 1646 llomanarn
278 1583 415 1645 incurrit
458 1583 500 1645 ibi
522 1602 618 1662 equus
643 1584 705 1663 pilo
733 1583 875 1647 traiectus
902 1601 970 1646 cum
1000 1584 1170 1665 prolapsum
1193 1595 1208 1647 5

90 1686 183 1748 super
204 1676 295 1749 caput
314 1686 417 1747 regem
438 1668 598 1741 effudisset,
626 1678 712 1730 atrox
740 1687 842 1749 pugna
868 1669 1018 1749 utrimque
1044 1687 1170 1732 accensa

91 1762 137 1816 cst
163 1763 194 1815 et
222 1752 260 1815 ab
281 1753 424 1815 Romanis
451 1753 564 1834 impetu
592 1754 624 1814 in
651 1772 753 1833 regem
780 1754 857 1816 lacto
887 1764 917 1816 et
944 1753 1170 1834 protegentibus

90 1839 191 1919 regiis.
235 1838 362 1917 insignis
383 1847 414 1899 ct
435 1838 528 1918 ipsius
549 1856 650 1918 pugna
671 1839 738 1913 luit,
761 1856 829 1901 cum
850 1840 942 1919 pedes
964 1839 1042 1901 inter
1057 1840 1172 1919 equites
1192 1849 1209 1900 u

39 1930 72 1983 tu
91 1932 213 1985 coactus
234 1930 312 1984 essct
333 1923 479 2003 proelium
500 1923 588 1985 inire.
630 1923 710 1997 dein,
733 1942 800 1985 cum
823 1924 881 1985 iam
903 1925 999 2004 impar
1020 1935 1169 1987 certamen

94 2018 188 2083 esset,
217 2008 419 2086 caderentque
439 2008 518 2069 circa
541 2026 609 2069 eum
631 2008 716 2070 multi
739 2018 769 2071 at
794 2008 1039 2081 numerarentur,
1069 2017 1171 2091 raptus

93 2094 130 2156 ab
152 2094 215 2157 suis
236 2101 325 2173 atque
346 2092 429 2156 alteri
444 2110 523 2172 equo
541 2092 669 2156 iniectus
683 2093 767 2174 lugit.
811 2112 848 2155 eo
863 2092 910 2156 die
929 2102 1023 2156 casua
1039 2095 1172 2174 quinque
1194 2103 1209 2155 t

93 2179 172 2242 milia
201 2195 342 2260 passam
368 2178 406 2241 ab
435 2178 510 2240 urbe
532 2177 666 2240 Eburum
694 2179 803 2260 posuit.
847 2186 968 2260 postero
998 2179 1045 2239 dic
1074 2179 1172 2241 omnis

94 2265 197 2346 copias
225 2265 261 2326 ad
282 2264 487 2344 propinquum
508 2263 643 2325 Eliorum
665 2263 818 2325 castellum
839 2297 881 2310 -
904 2263 1034 2343 Pyrgum
1063 2273 1172 2325 uocant

42 2357 73 2408 tt
93 2383 135 2396 -
157 2349 275 2426 eduxit,
304 2366 365 2428 quo
388 2349 549 2429 agrestium
569 2348 789 2410 multitudinem
818 2366 886 2409 cum
909 2348 1069 2428 pecoribus
1090 2355 1171 2409 metu

94 2434 321 2515 populationum
343 2433 526 2514 compulsam
548 2433 690 2495 audierat
728 2450 793 2493 eam
808 2433 991 2494 inconditam
1013 2433 1172 2494 inermem·
1194 2442 1209 2495 8

94 2538 153 2599 que
173 2518 395 2581 multitudinem
416 2519 512 2598 primo
534 2518 632 2581 statim
654 2526 770 2580 terrore
792 2519 955 2580 adueniens
970 2517 1065 2597 capit;
1088 2536 1172 2579 com-

93 2614 330 2685 pensaueratque
351 2621 386 2664 ea
406 2603 515 2684 praeda
543 2603 623 2683 quod
649 2603 832 2683 ignominiae
859 2603 895 2663 ad
919 2601 994 2665 Elim
1017 2611 1171 2682 acceptum

93 2690 202 2752 lucrat.
237 2688 382 2750 diuidenti
396 2688 536 2768 praedam
553 2688 805 2768 captiuosque-
819 2690 903 2749 luere
919 2699 1015 2749 autem
1032 2695 1174 2766 quattuor
1195 2697 1211 2747 9

42 2781 73 2833 tt
92 2775 173 2836 milia
194 2773 359 2848 bominum,
381 2790 586 2854 pecorumque
600 2774 699 2835 omnis
714 2773 832 2854 generis
853 2774 889 2834 ad
911 2773 1018 2854 uiginti
1035 2771 1114 2833 milia
1130 2805 1172 2818 -

94 2860 220 2922 nuntius
241 2878 278 2920 ex
299 2857 470 2920 blacodonia
492 2857 578 2919 uenit
598 2857 733 2938 Eropum
761 2859 910 2937 quendam
933 2865 1074 2939 corrupto
1084 2857 1174 2922 ,arcis

163 3064 176 3114 1
196 3058 285 3112 urbeis
302 3057 384 3178 Ρμ
402 3059 436 3112 ab
453 3058 528 3112 dimi·
545 3059 585 3111 2⁸
601 3059 646 3112 ard
692 3059 715 3112 is
733 3059 765 3110 Ρ1
783 3074 797 3111 a
815 3059 900 3127 dymis
918 3058 952 3112 1²²
969 3060 979 3125 Ι
997 3062 1013 3113 3
1031 3059 1109 3112 elium
1126 3059 1173 3111 At-

92 3126 212 3190 rebasalrc'
223 3127 317 3180 eleinm
362 3127 455 3180 elienor
468 3126 508 3179 2‘
520 3127 604 3196 {lab
676 3142 691 3179 x
709 3127 781 3190 ΡΙθ
799 3129 880 3193 portis
899 3125 947 3191 27⁸,
966 3142 1016 3178 orn.
1034 3127 1076 3192 ΡΙ
1090 3129 1104 3179 8
1118 3126 1173 3194 cyl-

92 3195 151 3248 leni
169 3194 211 3263 ΡΙ
226 3197 259 3249 tu
276 3194 336 3247 elim
355 3194 395 3244 2³
411 3194 466 3248 tlim
480 3195 522 3262 ΡΙ
536 3198 568 3248 12
582 3195 699 3262 elisoque
712 3195 749 3246 Σ*
766 3209 879 3262 reosque
892 3192 934 3259 Pl
944 3194 1003 3262 adq.
1016 3192 1057 3260 Pi
1070 3196 1101 3248 13
1114 3193 1173 3246 dein

92 3264 130 3314 ΣΙ
147 3262 241 3317 deinde
266 3263 289 3314 Ρ
304 3262 394 3331 linter
412 3262 491 3326 ΡΨ,
516 3264 615 3315 &solo
633 3280 650 3315 o
668 3262 703 3314 Ρ*
720 3280 773 3330 prr
790 3267 801 3314 t
818 3263 899 3324 ducta
918 3268 944 3314 st
961 3263 1030 3314 datae
1051 3261 1096 3311 uel
1119 3265 1174 3312 trae

92 3332 202 3384 cuma
217 3345 299 3398 rupes·
316 3346 333 3382 n
349 3334 548 3397 superscriptos
569 3347 643 3383 mmo
663 3346 757 3383 nosos
777 3331 866 3398 eunti
886 3334 917 3384 lb
936 3330 1019 3396 urgeri
1038 3329 1078 3379 >3³
1099 3328 1174 3380 urbe-

93 3400 147 3466 geri
164 3397 209 3466 ΡΙ
227 3399 260 3453 tt
277 3400 371 3466 equine
386 3398 429 3464 1²¹,
446 3413 516 3452 corr.
534 3398 590 3465 ΡΙ
604 3403 635 3453 t'l
660 3414 738 3467 snper
756 3399 868 3465 Modor'g
885 3413 930 3465 per
947 3397 1027 3464 ΡΣΙΙΙ
1042 3399 1074 3450 23
1092 3395 1172 3448 millia
1219 3419 1241 3470 ‘.

91 3467 136 3532 ΡΙ
152 3479 243 3521 omnes
267 3467 356 3534 copias
378 3465 411 3518 ad
432 3466 603 3534 propinquum
627 3467 736 3520 eliorum
753 3466 802 3529 2⁸,
820 3483 871 3521 ost.
891 3468 913 3516 P
929 3466 939 3533 fl
957 3468 991 3519 tt
1008 3479 1117 3532 pyrgum
1136 3465 1173 3514 Σ·

92 3534 219 3603 phyrcnrn
236 3534 281 3601 ΡΙ
293 3535 326 3588 lb
344 3533 432 3587 eduxit
450 3539 469 3599 ς
487 3534 560 3588 duxit
571 3534 610 3585 Σ*
627 3537 716 3601 copias
734 3535 818 3587 omnis
836 3534 925 3586 eduxit
936 3536 959 3584 Ρ
969 3533 979 3602 ΙΙ
991 3534 1024 3585 26
1037 3533 1173 3585 inermem·

94 3617 144 3670 qne
160 3602 231 3667 ΙΨ,
249 3602 297 3653 aad
311 3605 343 3653 tn
359 3603 410 3654 Pr
427 3605 457 3653 in
474 3618 529 3655 roa.
541 3603 552 3670 Ι
564 3605 597 3656 ts
610 3603 670 3655 elim
689 3619 723 3656 aa
741 3603 827 3655 elimm
845 3602 878 3655 ΡΙ
890 3604 900 3667 Ι
912 3607 1048 3666 acceptum
1065 3617 1119 3653 ror.
1138 3615 1174 3652 eor

94 3677 230 3738 sgceptnrn
250 3669 294 3736 ΡΙ
305 3672 338 3724 29
358 3669 430 3722 luere
446 3670 492 3722 uel
509 3669 661 3723 lueruntal'⁴
679 3671 750 3723 luera
765 3669 805 3738 Pl
820 3673 851 3724 30
870 3669 1002 3722 bominum
1020 3668 1173 3734 Ppeditnm

93 3737 225 3862 bonpplplm
243 3738 282 3790 2¹
295 3737 306 3807 Ι
312 3752 495 3857 pecommqne
513 3739 551 3788 Σ·
571 3739 673 3805 pecoris
690 3741 714 3791 Ρ
728 3738 879 3805 pecorisque
897 3737 954 3790 2²?
966 3736 977 3803 l
990 3737 1081 3801 uiginti
1102 3735 1172 3787 milix

92 3809 129 3859 ΣΙ
173 3808 219 3860 ’ἰ
239 3821 292 3858 ·xx·
