2734 4250
63 171 83 205 ι
96 160 147 205 cu.
159 161 198 205 non
437 141 533 197 LIBER
549 141 649 209 xxvii,
667 144 708 197 12
728 144 758 197 13
1091 142 1132 202 79

63 320 193 379 bortrtns
207 316 324 389 milites,
339 326 374 377 ut
388 332 534 377 memores
545 314 743 378 Trasumenni
760 315 988 395 Cannarumque
1004 324 1132 379 contun-

63 405 165 466 derent
192 403 333 463 ferociam
359 400 466 463 hostis:
496 418 603 479 urgere
632 411 721 480 atque
742 402 854 463 instare
876 418 960 475 eum,
989 420 1049 463 non
1074 402 1132 463 iter
1152 412 1183 463 12

63 489 175 568 quietos
207 488 321 558 facere,
351 504 412 548 non
442 494 538 547 castra
566 503 680 565 ponere
708 485 783 565 peti,
819 505 879 547 non
909 487 1055 567 respirare
1082 497 1135 549 rut

63 572 302 653 circumspicere;
325 570 432 633 cotidie
446 571 534 634 simul
549 572 694 633 orientem
710 571 801 633 solem
818 582 848 633 et
862 571 1026 633 Romanam
1041 572 1132 635 eciem

29 672 43 723 t
62 660 90 721 in
105 659 217 737 campis
232 656 389 719 uidendam
404 675 486 719 esse:
508 657 534 718 si
552 675 615 718 uno
630 655 744 734 proelio
759 657 831 717 baut
846 657 1022 719 incruentus
1036 656 1130 728 abent,
1153 666 1181 719 tt

62 742 187 823 quietim
214 742 322 803 deinde
349 741 597 820 tranquilliusque
625 759 693 803 eum
722 740 906 803 bellaturum.
951 743 997 805 bis
1022 743 1132 804 inritati

61 826 314 890 adhortationibus
341 826 488 906 simulque
515 826 612 887 toedio
641 826 769 888 feroniae
797 827 926 888 bostium
956 827 1063 889 cotidie
1085 828 1132 889 in·

61 914 199 975 stantium
222 911 488 990 lacessentiumque
508 912 618 973 acriter
639 912 785 991 proelium
808 912 924 973 ineunt
968 921 1132 992 pugnatum
1155 922 1184 974 lt

62 998 186 1078 amplius
199 997 316 1059 duabus
330 997 411 1058 boris
432 1006 486 1058 est
530 995 637 1057 cedere
658 996 729 1057 inde
750 994 787 1057 ab
804 997 944 1059 Romanis
965 997 1066 1059 dextra
1089 998 1132 1059 ule

18 1092 44 1145 to
63 1094 91 1145 et
116 1082 342 1145 extraordinarii
370 1100 507 1161 coepere.
551 1081 632 1159 qnod
655 1080 706 1143 nbi
727 1081 882 1144 llarcellns
903 1080 994 1155 uidit,
1021 1082 1134 1143 duode-

63 1168 251 1231 uicensimam
274 1167 422 1245 legionem
443 1165 474 1229 in
491 1166 616 1246 primrrn
631 1166 724 1228 aciem
748 1166 870 1229 inducit.
909 1168 979 1229 dum
1002 1168 1049 1229 alii
1072 1176 1133 1229 tre·
1156 1176 1187 1227 lb

63 1254 127 1334 pide
148 1252 270 1321 cedunt,
291 1251 341 1313 alii
361 1251 492 1331 segniter
508 1250 649 1324 subeunt,
671 1250 789 1313 turbata
812 1260 872 1313 tota
894 1252 972 1313 ecies
988 1261 1041 1325 ost,
1064 1252 1132 1313 dein

64 1356 182 1417 prorsm
205 1339 283 1410 fuse,
313 1345 344 1397 et
363 1338 504 1399 uincente
527 1336 671 1417 pudorem
694 1345 774 1398 metu
797 1346 878 1417 terge
901 1336 1019 1399 dabant.
1056 1338 1134 1399 ceci·
1157 1344 1185 1396 tu

65 1423 130 1485 dere
150 1423 182 1484 in
205 1440 307 1502 pugna
322 1422 449 1501 fugaque
470 1421 505 1482 ad
528 1422 588 1483 duo
610 1421 688 1482 milia
707 1432 737 1483 et
751 1422 931 1503 septingenti
953 1421 1062 1483 ciuium
1085 1442 1133 1485 so·

22 1510 251 1587 liciorumgue;
280 1506 310 1567 in
332 1506 369 1568 iis
390 1515 531 1585 quattuor
552 1506 678 1568 Romani
701 1507 909 1578 centuriones,
940 1508 998 1569 duo
1020 1506 1133 1570 tribuni

65 1594 196 1666 mibtum,
220 1592 258 1653 ll.
273 1591 405 1653 Licinius
426 1601 457 1653 et
469 1590 509 1651 ld.
521 1591 654 1654 lleluius.
691 1593 774 1671 signu
790 1591 925 1670 militaria
943 1600 1082 1671 quattuor
1097 1594 1134 1655 de
1155 1602 1187 1653 ιτ

65 1679 114 1752 ala,
135 1678 232 1757 prima
254 1693 331 1756 quae
353 1676 437 1755 fugit,
460 1676 520 1737 duo
541 1676 578 1738 de
601 1677 729 1756 legione,
752 1695 828 1756 quae
851 1676 1025 1740 cedentibus
1046 1678 1134 1740 sociis

65 1770 254 1838 successerat,
275 1760 390 1823 amum.

145 1846 318 1919 llarcellus,
346 1856 503 1926 postquem
531 1845 562 1906 in
591 1854 687 1907 castra
715 1846 843 1908 reditum
872 1856 929 1920 est,
963 1848 1133 1911 contionem
1149 1852 1191 1909 1e·

22 1933 132 1995 staden
159 1950 278 1994 saeuum
308 1939 397 2010 etque
424 1930 560 1992 acerbum
587 1930 666 2010 npud
689 1931 795 1993 milites
818 1932 934 2005 babuit,
963 1941 996 1993 ut
1019 1934 1133 2012 proelio

66 2036 117 2097 per
130 2017 208 2079 diem
232 2026 328 2077 totum
348 2015 506 2078 infeliciter
527 2015 651 2077 tolerato
673 2017 787 2078 tristior
805 2017 841 2079 iis
855 2017 921 2079 irati
940 2017 1024 2079 ducis
1039 2018 1133 2079 cretio

67 2112 147 2166 esset
179 2097 246 2166 ‘llis
260 2101 484 2174 immortalibus,
506 2110 540 2162 ut
560 2100 592 2163 in
611 2101 662 2164 tali
677 2119 721 2174 re,
743 2101 843 2164 laudes
858 2098 1021 2183 gratesque'
1038 2104 1136 2182 inquit
1156 2114 1171 2165 2

64 2180 135 2268 ‘ego
157 2189 239 2268 quod
262 2187 359 2250 uictor
380 2187 474 2248 bostis
495 2204 562 2248 cnm
584 2196 669 2248 taum
691 2205 801 2267 pauore
827 2187 1025 2250 incidentibus
1047 2187 1134 2250 uobis

67 2273 95 2334 in
116 2273 225 2336 uallum
246 2281 406 2352 portasque
433 2290 495 2333 non
519 2271 581 2352 ipsa
602 2282 700 2333 castre
721 2281 766 2334 est
787 2273 957 2350 adgressus:
987 2273 1133 2335 deseruis-

25 2362 48 2416 ὅ
68 2358 131 2420 setis
152 2358 288 2439 profecto
303 2358 407 2419 eodem
422 2366 537 2418 murore
551 2366 659 2428 castra,
680 2375 740 2436 quo
756 2357 894 2420 omisistis
910 2375 1049 2436 pugnam.
1083 2358 1134 2436 qni
1155 2368 1171 2419 t

68 2461 156 2520 panor
176 2443 236 2514 bic,
258 2442 308 2521 qui
323 2451 431 2515 terror,
452 2459 529 2520 quae
543 2449 677 2522 repente,
699 2441 750 2520 qui
768 2451 879 2503 etcum
896 2441 1133 2522 quibuspugna-

69 2529 142 2600 retis,
164 2527 276 2590 obliuio
298 2528 414 2588 animos
434 2524 534 2605 oepit?
557 2545 666 2606 nempe
687 2527 764 2588 idem
786 2536 857 2589 sunt
877 2527 907 2588 bi
928 2528 1036 2600 hostes,
1059 2545 1134 2606 quos

70 2612 211 2674 uincendo
234 2621 267 2674 et
290 2612 386 2674 uictos
413 2613 567 2691 sequendo
596 2613 725 2691 priorem
755 2621 894 2674 aesutem
920 2610 1133 2691 absumpsistis,

71 2697 171 2775 quibus
191 2698 255 2760 dies
278 2707 440 2775 noctesque
461 2696 644 2776 fngientibus
666 2715 721 2777 per
734 2697 789 2759 bns
804 2696 866 2759 dies
881 2697 1037 2771 institistis,
1061 2709 1172 2776 qnost

28 2780 178 2844 ttleuibus
198 2782 321 2862 proeliis
341 2783 497 2860 fatigastis,
525 2800 600 2860 quos
622 2781 765 2844 hesterno
794 2782 841 2844 die
869 2801 926 2844 nec
954 2783 1010 2844 iter
1038 2785 1135 2845 facere

72 2883 123 2927 nee
143 2877 236 2930 castra
258 2884 372 2946 ponere
392 2866 469 2946 passi
492 2867 572 2928 estis
616 2867 719 2928 omitto
741 2885 784 2943 ea,
811 2867 918 2948 quibus
940 2868 1058 2946 gloriari
1081 2887 1135 2948 po·
1156 2879 1177 2928 t-

71 2951 162 3027 testis3
183 2953 268 3014 cuins
283 2959 313 3013 et
326 2951 419 3031 ipsius
433 2951 546 3030 pudere
567 2969 601 3012 ac
616 2953 770 3031 paenitere
784 2969 840 3016 uos
855 2961 982 3033 oportet,
997 2954 1133 3015 referem.

136 3133 323 3188 ltrrsnmennl
342 3134 382 3198 1³¹,
406 3149 477 3188 corr.
496 3134 529 3186 Ρ
540 3133 581 3202 12
598 3149 649 3188 non
667 3136 716 3188 lter
734 3135 838 3201 quietos
855 3135 939 3188 facere
956 3136 1001 3197 Σ,
1020 3149 1070 3188 om.
1090 3135 1136 3202 Pl

73 3203 87 3252 3
103 3217 150 3254 non
166 3209 248 3256 castn
267 3203 292 3254 P
305 3209 388 3254 casus
406 3217 457 3254 non
475 3202 513 3252 ΣΙ
526 3203 566 3270 ll
583 3204 769 3271 circonspieere
786 3203 827 3267 Ρ,
847 3219 916 3255 corr.
935 3203 969 3254 Ρ
982 3202 1019 3270 ln
1038 3203 1135 3268 campis

74 3269 110 3332 Ρ,
130 3286 210 3336 supro
234 3273 243 3322 i
268 3285 363 3322 mcum
383 3274 519 3336 poetoetor
534 3272 646 3321 uidetur·
662 3287 679 3322 o
696 3272 854 3336 scripsisnl
869 3269 1049 3336 hebentf'ld
1069 3277 1135 3321 tran·

75 3337 213 3406 qnilfinsqni
233 3339 306 3404 ΡΙΊ
326 3337 540 3391 adortnttionibns
558 3355 612 3390 rae.
630 3355 665 3390 erc
682 3338 915 3406 adportsttionibns
933 3340 977 3402 Pl
992 3337 1135 3403 simulqnne

76 3404 137 3458 tedio
160 3407 272 3458 feronise
289 3407 313 3458 Ρ
327 3406 457 3474 lcottidie
474 3406 550 3474 Pte
567 3407 809 3474 lncoesientlumqne
827 3406 875 3473 1²·ss
887 3406 977 3457 ineunt
994 3404 1031 3456 Σ*
1048 3406 1135 3456 inenm

76 3471 115 3539 ΡΙ
126 3477 155 3526 rt
171 3473 354 3526 extraordinari
373 3475 413 3537 ΡΙ
426 3473 677 3527 dnodenicenslmarn
695 3476 724 3525 Σ
738 3473 969 3526 duodeuicesimam
987 3474 1023 3537 Ρ,·
1045 3470 1080 3534 of.
1099 3473 1135 3524 cd

74 3553 98 3603 r.
114 3543 243 3608 ⁸¹2⁵l¹¹
265 3541 364 3608 trepide
381 3543 417 3592 Σ
442 3541 533 3608 trepidi
552 3542 599 3610 ΡΙ
618 3546 648 3597 13
665 3556 757 3610 prosus
775 3543 822 3606 ΡΙΙ
842 3544 875 3594 14
892 3541 1007 3609 fugaque
1022 3540 1061 3592 Σ3
1084 3556 1134 3610 que

25 3608 28 3677 l
76 3607 196 3671 leillln
215 3610 298 3678 Plet
314 3625 365 3662 ors.
383 3610 420 3659 Σ
432 3609 443 3676 Ι
456 3613 488 3664 15
506 3611 531 3661 in
549 3611 582 3662 ils
599 3612 623 3662 Ρ
643 3612 709 3662 inter
726 3623 792 3678 quos
810 3611 881 3663 fuere
900 3609 952 3678 ΣΙ
972 3611 1004 3664 lu
1023 3609 1089 3676 apud
1109 3611 1138 3659 Σ

25 3690 30 3780 p
77 3682 132 3741 tpot
146 3679 168 3729 Ρ
182 3678 192 3745 Ι
204 3680 236 3731 21
255 3680 278 3730 ln
295 3677 383 3745 epta
400 3677 476 3730 nobis
493 3678 555 3730 ΡΣ
572 3679 631 3731 nbis
648 3677 680 3729 1²¹
693 3677 703 3746 l
717 3681 748 3731 rt
767 3678 896 3745 praefecto
914 3679 937 3730 P
975 3679 1007 3731 28
1020 3679 1134 3797 prlorem

78 3749 188 3798 senten
200 3747 228 3795 Σ
242 3746 325 3814 priore
342 3752 441 3800 sante
453 3744 495 3813 ΡΙ
508 3749 541 3800 30
553 3745 666 3813 fatigetis
678 3747 719 3812 1³¹,
737 3761 807 3798 corr.
820 3747 853 3798 1²²
864 3749 874 3811 ll
888 3747 1007 3800 hesterno
1037 3747 1061 3798 le
1075 3747 1134 3808 ΡΣ,

28 3866 29 3869 ,
78 3807 122 3865 del.
139 3811 189 3865 Iao
205 3813 273 3866 llus.
290 3812 371 3866 dien.
388 3813 423 3866 35
441 3815 532 3878 (1880)
550 3814 602 3867 242
614 3813 624 3881 Ι
637 3816 666 3868 31
688 3815 753 3882 pastl
772 3815 811 3880 Ρ,
829 3831 899 3867 corr.
918 3811 952 3866 Ρ*
