2734 4250
94 158 115 190 e
129 145 181 189 cnr.
194 146 234 189 ero
477 128 572 183 unus
587 130 677 198 xxti,
694 134 736 187 tt.
753 135 786 187 tr
1129 134 1170 195 55

94 303 240 365 orientem
261 321 399 377 uersum,
424 303 477 382 qni
498 304 657 367 tenebatur
679 305 912 385 quingentorum
935 306 1061 369 militum
1084 326 1171 388 prae-

93 388 188 461 sidio,
217 386 291 451 alios
311 388 342 450 in
365 406 480 462 arcem,
509 389 540 450 in
563 406 651 468 quam
674 399 705 453 et
730 391 794 472 ipsc
820 390 905 471 llago
933 410 1000 454 cum
1033 392 1172 456 omnibns

93 475 156 535 lere
175 473 305 548 armatis,
326 475 378 553 qni
400 474 493 537 muris
514 474 591 555 pulsi
613 476 740 549 lucrant,
762 477 920 557 refugerat,
943 478 1049 557 partim
1071 479 1171 559 copia-

94 577 160 621 rum
183 558 220 620 ad
240 559 389 622 tumulum
410 560 640 640 expugnandum
660 560 765 636 mittit,
794 562 902 641 partim
923 562 986 643 ipsc
1008 563 1044 625 ad
1071 580 1170 625 arcem

53 657 72 706 5
91 644 182 706 ducit
225 653 257 705 et
278 644 410 707 tumulus
431 644 528 724 primo
550 645 662 726 impetu
684 654 731 708 cst
751 655 870 727 captus,
896 656 926 709 et
947 647 1048 729 llago,
1071 665 1169 710 arcem
1192 658 1209 710 9

94 738 221 791 conatus
241 729 417 804 defendere,
445 748 514 791 cum
537 730 637 792 omnia
658 731 788 793 bostium
817 732 904 812 plena
930 732 1045 797 uideret
1072 752 1170 814 neque

94 832 178 896 spem
200 813 289 876 ullam
310 832 391 889 esse,
420 834 453 877 se
474 832 633 895 arcemque
654 824 684 877 et
706 816 884 896 praesidium
910 817 1030 880 dedidit.
1074 820 1169 898 quoad
1195 829 1224 881 to

93 898 192 961 dedita
207 918 259 961 arx
281 909 336 973 est,
358 900 462 962 caedes
484 908 545 961 tota
566 900 643 963 urbe
664 901 775 981 passim
797 902 899 979 iactae,
923 921 981 964 nec
1002 903 1054 965 ulli
1076 902 1172 983 pube·

93 1003 180 1059 rum,
209 985 260 1064 qui
282 984 390 1048 obuius
411 986 484 1059 luit,
513 985 705 1066 parcebatur;
733 996 797 1049 tum
823 988 908 1067 signo
937 988 1005 1049 dato
1035 988 1172 1051 caedibus

41 1081 72 1132 tc
93 1069 163 1131 finis
184 1070 296 1146 lactus;
324 1069 360 1131 ad
383 1070 522 1151 praedam
553 1070 681 1133 uictores
706 1073 801 1149 uersi,
833 1091 908 1153 quae
938 1073 1045 1152 ingens
1075 1075 1172 1136 omnis

93 1155 214 1235 generis
236 1154 300 1217 buit

180 1238 357 1303 Liberorum
391 1240 522 1320 capitum
548 1240 635 1303 uirile
662 1258 749 1305 secus
776 1242 812 1303 ad
841 1241 942 1305 decem
971 1242 1051 1303 milia
1079 1252 1171 1324 capta.
1186 1248 1223 1305 tr

95 1325 166 1387 inde
188 1324 240 1404 qui
261 1326 343 1387 ciues
365 1324 467 1388 Nonae
489 1325 673 1405 Carthaginis
696 1336 780 1389 erant
802 1326 925 1404 dimisit,
956 1326 1121 1407 urbemque
1144 1336 1173 1389 et

96 1428 150 1473 sua
166 1410 275 1485 omnia,
290 1428 367 1490 quae
388 1410 503 1491 reliqua
524 1410 568 1473 eis
588 1410 699 1473 bellum
722 1413 841 1487 lecerat,
868 1412 1006 1475 restituit.
1052 1412 1173 1493 opillces
1195 1424 1209 1474 t

42 1506 73 1557 ta
96 1496 132 1559 ad
155 1496 216 1557 duo
242 1494 321 1557 milia
346 1496 501 1558 bominum
522 1504 622 1558 erant:
651 1515 703 1559 cos
731 1497 867 1578 publicos
896 1499 961 1560 lore
988 1497 1092 1578 populi
1114 1496 1172 1559 llo-

6 1597 8 1702 q
97 1580 178 1642 mani
208 1580 298 1642 edixit
319 1598 386 1644 cum
416 1599 470 1662 spe
499 1582 669 1662 propinqua
697 1581 856 1658 libertatis,
890 1583 915 1647 si
944 1583 980 1645 ad
1010 1583 1172 1645 ministeria

98 1665 167 1728 belli
189 1665 277 1728 enixo
292 1684 412 1747 operam
429 1674 598 1729 nauassent
631 1675 760 1729 ceteram
775 1668 994 1731 multitudinem
1008 1667 1172 1730 incolarum
1197 1678 1212 1729 t

97 1752 243 1813 iuuenum
269 1768 303 1813 ac
330 1751 496 1814 ualidorum
523 1770 680 1814 seruorum
709 1753 739 1814 in
769 1754 890 1816 classem
919 1754 954 1816 ad
981 1752 1173 1834 supplemen-

98 1848 161 1898 tum
183 1836 328 1917 remigum
350 1837 445 1911 dedit;
468 1846 499 1898 et
519 1846 641 1899 auxerat
663 1837 789 1901 nauibus
811 1846 879 1902 octo
899 1839 1025 1918 captiuis
1040 1838 1174 1901 classem.

45 1934 77 1985 20
97 1931 179 1985 extra
208 1922 286 1983 banc
307 1921 527 1985 multitudinem
549 1921 747 2003 Hispanorum
777 1924 896 2005 opsides
918 1932 1017 1999 erant,
1046 1941 1176 2003 qnorum
1195 1936 1210 1985 4

99 2007 224 2087 perinde
246 2006 326 2069 acsi
348 2007 497 2069 sociorum
520 2006 605 2069 liberi
630 2019 731 2070 essem
760 2028 831 2071 cura
860 2008 967 2071 habita.
1012 2016 1116 2089 captus
1146 2018 1211 2070 stt

98 2101 258 2174 apparatus
289 2092 396 2172 ingens
424 2091 509 2155 belli:
542 2092 706 2173 catapultae
738 2095 880 2156 maximae
909 2096 1020 2156 lormae
1053 2102 1174 2156 centum

6 2194 7 2213 t
98 2178 217 2259 uiginti,
231 2178 363 2240 minores
377 2179 521 2240 ducentae
535 2179 684 2259 octoginta
696 2197 765 2254 una,
780 2179 913 2242 ballistae
927 2179 1055 2241 maiores
1069 2179 1175 2257 uiginti
1196 2191 1212 2242 t

98 2274 168 2339 tres,
190 2263 324 2326 minores
345 2262 559 2343 quinquaginta
581 2263 671 2340 dnae,
696 2264 888 2345 scorpionum
910 2264 1055 2326 maiorum
1078 2263 1174 2324 mino·

43 2359 75 2410 aa
97 2365 226 2427 mmque
240 2355 271 2410 et
283 2365 434 2410 armorum
449 2348 637 2428 telorumque
651 2349 758 2428 ingens
774 2367 927 2425 numerus,
943 2349 1026 2428 signa
1040 2347 1174 2410 militaria

97 2433 286 2514 septuaginta
301 2443 449 2513 quattuor.
486 2443 517 2496 et
537 2433 603 2495 auri
618 2434 794 2514 argentique
808 2435 899 2496 relata
915 2434 951 2496 ad
967 2434 1176 2514 imperatorem
1197 2446 1212 2496 t

97 2537 207 2598 magna
229 2517 291 2580 uis:
319 2526 440 2599 paterae
461 2536 568 2581 aureae
589 2519 713 2582 luerunt
739 2520 883 2582 ducentae
905 2519 1092 2600 septuaginta
1114 2537 1174 2594 sex,

98 2603 192 2666 libme
215 2602 308 2666 lsrme
329 2622 434 2666 omnes
462 2604 578 2684 pondo;
606 2604 723 2683 argenti
751 2604 853 2666 inlecti
877 2604 1044 2686 signatique
1072 2604 1175 2666 decem

98 2699 129 2750 st
142 2697 214 2750 octo
229 2688 309 2750 milia
330 2700 361 2750 et
378 2697 509 2750 trecenta
524 2690 635 2770 pondo,
657 2707 797 2752 uasorum
819 2699 1028 2769 argenteorum
1050 2706 1176 2767 magnus

47 2783 78 2834 tt
99 2791 260 2846 numerus3
282 2773 355 2836 baec
378 2774 478 2836 omnia
488 2774 524 2836 C.
540 2773 684 2836 Flaminio
708 2776 857 2854 quaestori
879 2776 1010 2856 adpensa
1032 2775 1212 2838 adnume·⁸

98 2869 224 2938 rataque
237 2867 323 2935 sunt;
342 2859 434 2921 tritici
449 2859 665 2940 quadringenta
679 2859 759 2921 milia
773 2860 915 2937 modium,
930 2860 1034 2922 hordei
1049 2860 1175 2922 ducenta

99 2943 296 3024 septuaginta.
340 2962 434 3008 naues
462 2944 616 3007 onerariae
643 2946 795 3025 sexaginta
824 2955 884 3008 tres
911 2946 1055 3026 inportu
1084 2955 1213 3026 expu-tt

170 3133 183 3181 l
202 3129 302 3182 millum
320 3129 344 3180 P
359 3129 398 3197 12
413 3129 441 3181 ln
464 3142 549 3181 arcem
566 3128 613 3193 ΣΡ,
635 3144 687 3182 om.
708 3129 786 3195 Ptlt
804 3131 941 3183 tumultum
957 3129 1106 3196 Plpartim
1125 3143 1176 3182 om.

98 3197 137 3247 Σ*
172 3199 189 3250 8
207 3197 278 3262 plera
295 3197 336 3261 P¹,
353 3212 423 3250 corr.
442 3197 526 3259 1217
544 3211 618 3263 spem
635 3196 715 3250 ullam
729 3197 768 3248 Σ*
785 3197 921 3250 scmultem
932 3198 975 3264 ΡΙ
988 3211 1016 3250 se
1030 3197 1108 3262 W,
1126 3197 1177 3252 det.
1269 3207 1273 3215 ’

99 3266 134 3318 1¹·
169 3265 185 3319 8
205 3265 281 3317 cedes
298 3263 369 3334 1²19
387 3265 436 3317 luit
452 3265 511 3317 Pi*
529 3264 619 3318 luisset
638 3264 759 3334 siesbye,
781 3269 830 3316 eut
847 3268 897 3317 boc
913 3269 963 3318 cut
980 3280 1039 3316 cum
1057 3267 1076 3329 ς
1095 3264 1177 3316 luerat

102 3333 267 3400 Wesenberg
278 3333 289 3400 Ι
300 3333 408 3386 aedibus
425 3335 474 3399 ΡΙ
489 3336 521 3386 18
539 3333 612 3399 iuges
630 3333 655 3384 P
669 3333 680 3401 l
694 3335 726 3388 13
744 3332 902 3400 lrertbaginls
921 3333 968 3399 rt
983 3337 1015 3386 15
1033 3332 1113 3384 millia
1131 3334 1155 3384 Ρ
1170 3333 1179 3398 ΙΙ

102 3404 134 3457 16
151 3401 352 3470 prctproploqna
371 3402 413 3465 ΡΙ,
430 3416 502 3453 corr.
519 3400 576 3470 ΡΙ
590 3404 621 3454 tt
639 3403 731 3454 enixae
748 3418 802 3454 rae.
820 3417 855 3453 ec
872 3402 980 3454 enoixae
998 3399 1087 3520 ΡΨ
1101 3403 1177 3452 reml-

99 3485 161 3537 gnm
178 3485 216 3522 ex
231 3470 375 3536 regmignnx
392 3469 446 3536 1³¹1
475 3469 565 3522 decem
583 3468 623 3537 et>
640 3475 700 3522 octo
717 3486 753 3522 ec·
770 3471 860 3538 Polyb.
880 3467 1010 3536 10,17,13
1048 3467 1179 3536 igoniatell

100 3541 134 3591 at
156 3538 283 3590 malornm
307 3537 354 3600 2⁴,
378 3553 429 3590 on.
488 3537 546 3656 νδ
563 3539 715 3605 argentique
737 3537 775 3588 Σ*
797 3539 895 3658 ιᾟειιίί
912 3537 1005 3606 ΡΙΥΙ
1027 3542 1115 3603 patere
1133 3538 1179 3604 Pp

100 3607 133 3660 28
150 3604 232 3658 librae
250 3610 271 3670 ς
286 3605 398 3672 Mdutg
415 3605 474 3658 Eae.
509 3607 546 3660 e'e.
558 3604 611 3660 388
628 3621 667 3671 eq.
684 3604 763 3658 libras
780 3607 804 3657 P

100 3674 205 3727 t'Aced.
224 3675 271 3726 dee
287 3674 371 3728 laem.
389 3674 423 3726 16
441 3673 533 3738 (1888)
547 3674 598 3727 134
615 3673 721 3726 librales
738 3673 776 3724 ΣΙ
788 3674 799 3743 p
811 3673 900 3727 inlecti
920 3673 1001 3728 Gron.
1031 3674 1083 3726 acti
1102 3673 1181 3740 ΡΜ

100 3744 134 3796 28
151 3745 286 3795 naatornm
303 3742 345 3805 ΡΙ,
362 3757 432 3794 corr.
451 3740 505 3808 ΡΙ
518 3743 552 3794 38
569 3757 584 3794 c
601 3742 662 3808 Μ
676 3741 731 3809 ΡἾΙ
745 3741 976 3810 adnumerataqnae
989 3741 1031 3809 ΡΙΙ
1044 3743 1074 3794 81
1090 3741 1178 3794 bordei

100 3811 172 3862 ΡΣ·
184 3810 272 3864 bonosi
286 3809 338 3878 ΡῚ
348 3811 381 3863 32
393 3810 538 3877 septaginta
551 3825 586 3862 esc
598 3809 758 3878 septeaginta
772 3810 910 3878 P¹lnaues
923 3810 959 3861 2¹
972 3810 1004 3864 ad
1023 3825 1102 3862 nunes
1116 3809 1180 3860 Pac

841 3609 949 3658 ἰσπιαπη
967 3605 1029 3659 Corn
1048 3609 1088 3656 tes
1104 3622 1128 3657 r.
1146 3606 1179 3656 de

5 4032 8 4229 l
