2734 4250
206 131 268 190 254
597 133 691 187 LIBER
708 136 787 202 xxii,
807 141 848 192 11.
861 138 893 189 12
1149 151 1279 194 noem
1362 156 1363 161 ¹

177 373 179 376 ,
204 309 411 388 munitumque
422 310 489 382 iter,
506 328 564 388 quo
576 309 706 370 faciliora
717 309 848 390 plaustra
860 307 1017 386 minorque
1032 308 1126 369 moles
1140 307 1171 368 in
1184 317 1281 369 trans·

117 393 118 397 ’
153 402 182 453 19
203 393 247 455 itu
268 402 354 456 esset.
392 395 523 456 iumenta
546 393 615 455 inde
633 403 662 454 et
676 394 813 455 homines
835 393 991 466 contracti,
1013 402 1044 455 et
1066 411 1142 472 opus
1164 393 1280 472 inpigre

204 488 358 560 coeptum3
380 498 550 560 paucosque
572 487 640 558 post
664 479 727 541 dies
749 480 849 542 classis
877 479 1024 541 instructa
1043 497 1079 539 ao
1100 488 1200 558 parata
1221 478 1280 538 cir·
1362 476 1363 543 ?

153 573 182 623 to
203 564 392 627 cumuehitur
413 582 511 626 arcem
526 574 556 626 et
570 573 640 626 ante
660 583 695 626 os
709 565 806 644 ipsum
824 572 931 644 portus
946 581 1071 626 ancoras
1085 564 1163 624 iacit.
1200 564 1281 624 hunc
1362 616 1363 631 ,

204 658 312 713 statum
343 668 444 712 rerum
474 649 624 711 Hannibal
653 649 775 711 Tarenti
803 649 947 728 relinquit
978 668 1131 730 regressus
1158 649 1222 727 ipse
1249 648 1316 710 ins

203 735 339 797 hiberna.
371 745 503 797 ceterum
518 734 643 796 delectio
659 735 891 797 Tarentinorum
906 743 1008 796 utrum
1024 734 1123 815 priore
1145 752 1225 795 anno
1241 752 1280 794 an
1362 740 1363 743 ’

202 822 262 882 hoo
277 821 354 881 lacta
367 820 414 892 sit,
429 820 460 881 in
477 821 627 882 diuersum
643 828 780 882 auctores
795 821 932 896 trabunt3
951 821 1052 900 plures
1066 819 1282 899 propioresque
1362 814 1363 823 ’

204 913 298 967 aetate
320 905 602 974 memoriaererom
625 905 681 966 hoc
704 924 784 967 anno
807 907 912 967 laetam
934 905 1066 966 tradunt.

152 993 187 1049 12
289 990 401 1051 Romae
417 991 554 1052 consules
573 997 784 1070 praetoresque
806 1008 901 1069 usque
915 991 952 1051 ad
966 999 1036 1052 ante
1050 989 1127 1051 diem
1142 987 1282 1069 quintum

166 1085 181 1135 2
202 1075 258 1137 kal.
274 1075 363 1137 llaias
379 1075 500 1137 Latinae
522 1083 700 1150 tenuerunt;
723 1094 759 1137 eo
774 1076 822 1137 die
836 1084 1006 1155 perpetrato
1029 1093 1114 1137 sacro
1131 1075 1163 1136 in
1179 1082 1283 1134 monte
1303 1085 1329 1135 lo

203 1161 234 1222 in
250 1179 318 1222 suas
334 1161 458 1239 quisque
480 1160 650 1240 prouincias
672 1161 913 1240 proficiscuntur.
951 1160 1055 1239 religio
1072 1159 1181 1221 deinde
1204 1177 1283 1219 noua

165 1255 179 1306 3
202 1245 317 1307 obiecta
332 1254 377 1307 est
392 1265 428 1307 ex
443 1245 625 1307 carminibus
641 1245 806 1308 Marcianis.
844 1255 927 1308 uates
941 1246 990 1307 bic
1005 1245 1133 1307 llarcius
1148 1244 1284 1306 inlustris

203 1332 312 1407 luerat,
342 1339 461 1392 etcum
490 1330 670 1410 conquisitio
699 1330 799 1411 priore
827 1349 907 1393 anno
937 1349 972 1392 ex
994 1339 1116 1393 senatus
1143 1329 1284 1392 consulto

203 1417 305 1478 talium
325 1414 471 1478 librorum
494 1416 588 1491 fleret,
611 1415 641 1476 in
662 1416 699 1477 ll.
716 1417 820 1478 Aemili
842 1417 988 1496 praetoris
1009 1415 1125 1492 urbani,
1149 1415 1202 1496 qui
1217 1431 1284 1475 earn

204 1520 266 1563 rem
284 1501 397 1580 agebat,
420 1519 526 1562 manus
548 1509 710 1578 uenerant;
733 1501 758 1562 is
773 1502 911 1581 protinus
932 1521 1013 1563 nouo
1035 1501 1166 1582 praetori
1182 1499 1285 1562 Sullae
1307 1508 1333 1559 15
1362 1552 1363 1555 ,

164 1595 180 1645 4
201 1587 370 1648 tradiderat.
414 1605 450 1647 ex
472 1585 561 1648 huius
582 1585 684 1647 llarcii
713 1586 829 1648 duobus
855 1586 1037 1649 carminibus
1063 1586 1185 1648 alterius
1213 1595 1285 1664 post
1362 1592 1363 1663 l

202 1690 266 1734 rem
295 1672 400 1732 iactam
430 1671 499 1733 editi
526 1668 718 1752 comprobata
750 1671 909 1733 auctoritas
942 1681 1053 1734 euentu
1085 1671 1171 1733 alteri
1206 1688 1284 1750 quo·
1362 1682 1363 1711 l

165 1765 269 1836 oque,
296 1756 380 1818 cuius
402 1755 536 1818 nondum
559 1765 677 1837 tempus
699 1766 838 1832 uenerat,
866 1757 1017 1819 adferebat
1037 1757 1135 1818 fldem.
1179 1757 1284 1836 priore

202 1841 333 1903 carmine
356 1841 520 1904 Cannensis
543 1843 692 1922 praedicta
717 1842 814 1904 clades
843 1842 874 1903 in
897 1842 971 1904 haec
1001 1843 1064 1903 sere
1084 1841 1178 1904 uerba
1201 1849 1283 1902 erat:

199 1919 349 1999 ‘Amnem
373 1925 542 2006 Troiugena
559 1923 728 2010 [bomanel
750 1928 820 2006 luge
836 1927 977 2003 Cannam,
999 1947 1037 1989 ne
1051 1935 1082 1988 te
1097 1926 1285 2006 alienigenae
1305 1933 1332 1984 21
1362 1950 1363 2005 l

164 2021 179 2071 o
201 2020 309 2091 cogant
322 2011 353 2072 in
370 2029 474 2090 campo
490 2011 639 2074 Diomedis
661 2028 820 2074 conserere
840 2030 956 2074 manus.
993 2012 1046 2074 sed
1060 2030 1161 2092 neque
1174 2011 1284 2073 credes
1362 2012 1363 2079 l

201 2106 235 2159 tu
257 2096 342 2172 mihi,
372 2096 469 2159 donec
491 2097 640 2178 conpleris
669 2099 816 2178 sanguine
844 2099 997 2179 campum,
1028 2097 1179 2178 multaque
1201 2097 1286 2159 milia
1362 2088 1363 2101 ¹

202 2182 298 2245 occisa
313 2190 364 2244 tua
378 2182 492 2244 deleret
512 2183 608 2245 amnis
623 2184 654 2244 in
670 2191 798 2262 pontum
818 2201 960 2262 magnum
975 2202 1012 2246 ex
1025 2192 1105 2245 terra
1119 2184 1283 2263 frugilera3
1362 2201 1363 2208 ¹

200 2267 333 2349 piscibus
354 2276 443 2348 atque
465 2268 570 2330 auibus
591 2268 737 2347 ferisque,
767 2286 843 2347 quae
864 2269 1001 2330 incolunt
1022 2277 1132 2344 terras,
1160 2269 1196 2329 iis
1219 2270 1285 2330 luat

163 2365 265 2416 tesca
289 2371 357 2415 caro
380 2361 438 2415 tua.
475 2371 544 2414 nam
567 2353 637 2414 mibi
659 2353 700 2414 ita
722 2354 856 2434 luppiter
876 2354 955 2415 latus
976 2344 1040 2417 est?
1080 2363 1111 2415 et
1131 2353 1286 2415 Diomedis
1305 2358 1330 2408 2⁵

200 2438 303 2517 Argiui
318 2457 438 2518 campos
454 2446 484 2500 et
499 2438 630 2500 Cannam
644 2438 756 2500 ilumen
772 2439 802 2513 ii,
818 2439 868 2518 qui
883 2440 1085 2501 militauerant
1098 2439 1129 2500 in
1145 2438 1181 2501 iis
1197 2439 1284 2511 locis,

161 2533 177 2584 8
198 2524 278 2585 iuxta
300 2530 389 2603 atque
411 2524 505 2604 ipsam
533 2524 646 2585 cladem
669 2524 880 2603 agnoscebant.
925 2533 988 2587 tum
1011 2524 1137 2585 alterum
1159 2542 1283 2585 carmen

200 2609 371 2683 recitatum,
400 2628 462 2671 non
490 2626 526 2670 eo
549 2616 664 2670 tantum
693 2607 865 2684 obscurius,
894 2610 963 2689 quia
991 2610 1153 2671 incertiora
1180 2610 1284 2671 lutura

162 2705 177 2755 a
197 2694 364 2773 praeteritis
379 2701 458 2767 sunt,
474 2694 525 2756 sed
540 2693 710 2775 perplexius
725 2695 814 2757 etiam
828 2694 993 2774 scripturae
1007 2712 1128 2773 genere.
1153 2686 1283 2768 ‘Hostis

198 2778 332 2852 Romani,
356 2779 381 2840 si
396 2778 544 2858 expellere
566 2780 666 2853 uultis,
690 2780 806 2842 uomica
826 2798 902 2859 quac
917 2780 1052 2859 gentium
1074 2780 1158 2841 uenit
1178 2779 1283 2859 longe,
1304 2782 1331 2832 ³2

198 2862 328 2943 Apollini
342 2864 498 2926 uouendos
516 2883 626 2927 censeo
648 2864 744 2939 ludos,
766 2865 817 2944 qui
834 2866 993 2945 quotannis
1009 2864 1134 2927 comiter
1148 2865 1282 2945 Apollini

285 2999 300 3049 2
318 2997 433 3065 inpigrae
451 2995 492 3065 Pl
506 3000 523 3050 4
540 2998 603 3064 legit
620 2997 662 3065 Pl
676 3000 692 3050 5
705 3002 801 3051 statum
817 3014 873 3052 ras.
891 3015 926 3050 ere
943 2998 1047 3051 islatnm
1064 2998 1135 3065 Pl'l
1154 2997 1224 3051 lacto
1243 3000 1279 3052 sit

197 3063 369 3133 indeluersum
387 3065 433 3132 Pl
456 3066 665 3133 propioresiquoe
685 3066 732 3134 Pl
752 3068 768 3120 8
788 3066 879 3119 lactem
897 3070 917 3131 ς
951 3066 1020 3118 laetu
1037 3066 1086 3134 Pl
1107 3070 1213 3120 broma
1231 3065 1283 3134 Pl

197 3133 229 3186 ad
250 3134 418 3200 Wesenberg,
436 3148 487 3186 om.
505 3135 529 3185 P
544 3132 555 3202 ll
571 3133 612 3185 die
630 3150 654 3186 n.
673 3132 726 3185 lral.
743 3132 793 3202 Pl
813 3137 843 3188 11
862 3134 954 3199 religio
971 3137 991 3199 ς
1016 3134 1106 3187 relicto
1124 3136 1170 3203 Pl
1186 3137 1220 3188 14
1237 3150 1282 3187 ur·
1362 3171 1363 3182 ,

197 3203 296 3265 boni&
322 3202 466 3269 urbemPl
481 3203 512 3255 16
530 3204 590 3268 post
607 3216 660 3253 rem
679 3206 762 3254 actam
781 3201 885 3266 (lactem
900 3202 1021 3268 Modor'g)
1048 3202 1205 3255 editiVolla
1233 3218 1283 3270 po

196 3270 412 3339 straelactededlti
429 3286 465 3322 eae
481 3269 777 3337 postmelmeactadediti
795 3271 849 3336 P¹l
864 3274 894 3325 l'l
913 3270 1079 3337 comprobato
1093 3270 1192 3336 Ussing
1219 3285 1282 3323 enm

196 3344 251 3393 rato
269 3342 294 3392 P
317 3338 465 3392 confirmata
483 3338 598 3390 Preund
614 3338 666 3390 lec.
685 3338 732 3391 lut.
750 3354 771 3390 s.
788 3354 815 3390 re
834 3342 905 3391 ratus
923 3339 933 3406 l
952 3340 985 3393 21)
1005 3339 1164 3405 troiugenam
1182 3338 1225 3405 Pl
1238 3354 1283 3391 re-

196 3422 286 3460 mense
297 3409 326 3474 P,
345 3408 395 3463 del.
409 3407 438 3459 G.
451 3406 587 3457 Hermann
600 3406 609 3473 l
623 3406 700 3473 lugeo
712 3405 754 3471 Pl
767 3421 875 3459 monam
892 3404 926 3459 P¹
951 3406 1059 3460 modam
1077 3406 1131 3473 P¹l
1145 3409 1178 3459 22
1195 3406 1280 3459 millia

196 3476 238 3543 Pl
251 3478 283 3529 23
302 3480 389 3528 exiere
406 3474 495 3542 elas
512 3472 576 3544 (ul)
594 3474 709 3543 piscibus
725 3474 888 3542 Wesenberg
899 3475 910 3543 l
923 3475 1078 3543 lerisqnaeq.
1094 3474 1213 3527 incolunt
1230 3476 1282 3542 Pl

195 3543 218 3595 is
229 3543 272 3610 Pl
286 3543 340 3596 luel
352 3544 385 3594 P²
410 3543 475 3595 fluat
486 3544 529 3609 Ρ,
546 3542 593 3593 sed
606 3548 701 3609 postea
718 3558 771 3594 ras.
789 3543 859 3594 illrrd
874 3546 959 3597 restit.
973 3542 983 3612 l
995 3546 1028 3597 26
1046 3557 1152 3611 campos
1168 3559 1222 3595 ros.
1241 3560 1282 3593 ese

150 3626 152 3629 ·
197 3614 314 3676 compost
332 3612 355 3663 P
373 3610 384 3679 l
403 3611 499 3663 llomen
517 3610 535 3661 ii
553 3609 706 3673 Alschefski
737 3611 836 3663 llnrnini
854 3613 878 3663 P
901 3611 997 3664 flumen
1015 3616 1035 3677 ς
1054 3611 1065 3679 l
1085 3611 1151 3664 locis
1168 3626 1221 3662 rus.
1242 3628 1281 3661 a·
1362 3619 1363 3628 ¹

196 3678 270 3731 luciis
289 3678 330 3744 Pl
345 3680 376 3731 22
395 3678 569 3731 senescebant
586 3678 632 3747 Pl
650 3681 683 3732 29
702 3679 844 3732 scribturae
861 3694 970 3747 geuene
988 3678 1083 3748 Pleu
1101 3694 1134 3731 ex
1151 3694 1213 3746 egro
1232 3694 1281 3730 ex-

195 3745 292 3813 pellere
309 3744 426 3800 Moerob.
445 3748 502 3800 Sat.
516 3749 539 3812 1,
553 3746 594 3813 17,
606 3748 641 3801 28
653 3746 662 3815 l
676 3748 776 3800 uomica
794 3763 860 3816 qnae
878 3750 903 3800 P
924 3749 1052 3802 uomicam
1070 3762 1137 3815 qnae
1154 3747 1277 3800 Maeror.

196 3814 373 3882 comicamque
391 3830 457 3881 quae
474 3814 515 3881 ςΙΙ
529 3817 559 3868 31
579 3815 724 3882 quodannis
740 3816 765 3867 P
770 3820 795 3883 ἅ
