2734 4250
175 94 238 155 234
546 93 639 145 LlBER
657 92 776 159 XXVllll,
793 95 835 146 32.
854 96 886 146 33
1107 120 1129 153 ι.
1145 120 1168 153 a.
1184 120 1205 153 e.
1217 112 1255 153 aad

124 279 153 330 tt
173 268 240 347 plus
262 266 455 346 quadraginta
477 265 627 344 equitibus
649 264 793 327 conlectis
819 281 888 325 curn
918 264 949 325 iu
972 262 1130 326 Maesulios
1160 266 1255 345 palam

175 354 248 423 iam,
270 351 337 429 quis
360 360 453 423 esset,
483 352 585 412 ferens
606 350 753 422 uenisset,
781 359 896 410 mutum
918 358 1032 410 motum
1054 369 1123 411 cum
1152 352 1256 413 fanore

175 436 301 515 pristino
321 445 383 496 tmn
398 435 504 513 gaudio
520 436 681 516 insperato,
704 434 794 515 quod,
817 450 906 514 quem
928 434 1040 512 perisse
1055 434 1256 509 crediderant,

174 520 353 583 incolumem
375 520 548 595 cernebant,
571 520 650 593 fecit,
674 530 707 580 ut
727 520 806 579 intra
828 537 938 598 paucos
953 519 1016 579 dies
1029 519 1180 581 sexmilia
1204 540 1256 599 pe·

123 616 152 673 14
175 606 269 667 ditum
284 616 474 679 armatorum,
497 615 638 685 quattuor
653 604 785 683 equiturn
802 606 838 665 ad
853 621 923 664 eum
946 605 1158 679 conuenirent,
1181 606 1259 667 ianr·
1280 616 1298 665 a

174 710 232 768 que
255 709 316 751 non
339 690 370 751 in
394 691 582 769 possessione
604 689 693 751 modo
715 690 831 768 paterni
853 688 938 768 regni
960 698 1054 762 esset,
1082 690 1134 751 sed
1166 692 1257 752 etiam

173 775 270 837 socios
293 774 578 855 Carthaginiensium
601 774 729 855 populos
746 773 1048 870 llasaesuhopumque
1076 775 1154 835 flues
1168 808 1211 821 -
1227 776 1258 837 id

174 861 317 1025 efflat,
340 867 787 1025 ftftdt‘antttt
807 857 1258 1023 tffztttttrflfh

120 1036 160 1093 88
176 1031 274 1091 omnia
304 1031 450 1091 montium
478 1028 622 1091 consedit.
666 1028 807 1089 maiorem
835 1028 926 1108 igitur
954 1029 1012 1089 iam
1039 1046 1103 1089 rem
1134 1029 1258 1110 Syphax
1281 1040 1311 1091 to

174 1125 264 1189 ratus,
281 1133 369 1194 quam
385 1126 419 1177 ut
429 1133 483 1195 per
493 1117 657 1196 praefectos
672 1125 784 1193 ageret,
800 1132 868 1175 curn
883 1113 943 1173 tilio
957 1112 1068 1175 iuuene
1081 1147 1126 1159 -
1142 1134 1254 1176 nomen

175 1200 311 1263 Vermina
334 1211 398 1261 erat
411 1234 453 1245 -
468 1211 552 1280 parte
567 1200 715 1261 exercitus
728 1198 816 1260 missa
837 1198 973 1279 imperat,
1000 1208 1033 1260 ut
1046 1200 1254 1262 circumducto

136 1287 292 1366 tegmine
314 1286 345 1347 in
361 1305 392 1347 se
415 1286 563 1348 intentum
587 1285 702 1346 hostem
723 1282 761 1344 ab
784 1292 868 1363 tergo
891 1282 1021 1344 inuadat
1065 1296 1156 1345 nocte
1182 1304 1255 1365 pro·

174 1373 268 1434 fectus
285 1370 432 1445 Vermina,
455 1371 507 1449 qui
522 1389 558 1431 ex
574 1369 691 1432 occulto
706 1368 901 1447 adgressurus
915 1379 993 1444 erat3
1016 1369 1136 1449 Syphax
1154 1380 1255 1432 autem

173 1456 303 1518 interdiu
318 1466 420 1535 aperto
443 1456 559 1531 itinere,
582 1466 616 1516 ut
638 1454 690 1534 qui
710 1454 804 1533 signis
824 1453 951 1515 conlatis
971 1454 1035 1515 acie
1060 1454 1257 1517 dimicaturus
1280 1465 1310 1515 ιδ

135 1550 262 1614 resset,
292 1543 387 1602 mouit
408 1550 513 1603 castra.
558 1540 609 1601 uhi
631 1550 750 1617 tempus
779 1540 876 1600 uisum
898 1548 959 1610 est,
987 1555 1048 1616 quo
1076 1539 1255 1618 peruenisse

175 1628 230 1686 iam
248 1625 442 1687 circummissi
466 1626 559 1688 uideri
580 1634 731 1706 poterant,
753 1633 783 1685 et
804 1624 869 1703 ipso
891 1624 951 1685 feni
973 1624 1051 1685 cliuo
1072 1624 1190 1685 ferente
1216 1626 1254 1686 ad

173 1711 304 1782 hostem,
332 1728 400 1771 cum
422 1710 610 1774 multitudine
632 1711 728 1771 fretus
748 1719 812 1771 turn
833 1708 1016 1787 praeparatis
1036 1708 1074 1769 ah
1095 1720 1183 1788 tergo
1205 1710 1254 1771 in·

133 1804 149 1853 4
173 1794 271 1867 cidiis·
286 1813 341 1874 per
355 1794 513 1856 aduersum
535 1806 668 1857 montem
691 1803 821 1856 erectam
843 1795 936 1855 aciem
962 1793 1053 1854 ducit.
1097 1793 1255 1857 Masinissa

172 1879 279 1940 fiducia
302 1879 426 1941 maxime
448 1879 523 1953 loci,
546 1900 605 1960 quo
628 1879 721 1941 multo
743 1879 885 1958 aequiore
906 1887 1095 1959 pugnaturus
1116 1890 1199 1952 erat,
1226 1892 1258 1941 et
1279 1888 1310 1937 :a

173 1966 237 2043 ipse
259 1963 366 2043 derigit
387 1983 466 2027 suos.
511 1974 595 2026 atrox
616 1964 764 2045 proelium
786 1975 816 2025 et
837 1963 887 2024 diu
908 1981 1021 2041 anceps
1041 1962 1106 2037 luit,
1128 1963 1198 2025 loeo
1223 1975 1254 2026 et

173 2049 283 2111 uirtute
298 2050 424 2112 militum
439 2049 631 2124 Madnissam,
648 2048 846 2121 multitudine,
869 2066 946 2128 quae
960 2048 1052 2109 nimio
1067 2048 1164 2109 maior
1178 2062 1252 2116 erat.

135 2144 151 2193 5
173 2137 337 2217 Syphacem
367 2137 497 2198 iuuante.
542 2155 575 2197 ea
597 2137 754 2198 multitudo
776 2134 887 2207 diuisa,
916 2153 983 2196 eum
1007 2153 1075 2214 pars
1102 2154 1120 2195 a
1149 2134 1253 2196 fronte

173 2232 307 2301 urgeret,
331 2239 400 2301 pars
421 2222 458 2282 ab
480 2231 563 2301 tergo
585 2241 617 2282 sc
639 2221 891 2292 circumfudisset,
914 2219 1069 2281 uictoriam
1090 2220 1172 2281 baud
1193 2221 1251 2282 du·

173 2305 250 2368 biam
272 2306 398 2387 Syphaci
428 2306 523 2380 dedit,
553 2314 583 2367 et
605 2325 643 2366 ne
669 2305 812 2385 effugium
840 2304 959 2383 quidem
987 2305 1107 2384 patebat
1133 2305 1208 2366 hinc
1235 2325 1253 2365 a
1276 2319 1308 2368 25

133 2397 150 2448 6
171 2392 270 2454 fronte
284 2393 355 2454 hinc
369 2392 405 2452 ab
422 2401 506 2470 tergo
528 2390 660 2452 inclusis.
703 2391 804 2469 itaque
824 2389 916 2450 ceteri
937 2389 1051 2469 pedites
1072 2390 1251 2469 equitesque

172 2477 247 2538 caesi
263 2487 314 2539 aut
328 2477 405 2557 capti
414 2495 422 2552 ;
445 2477 590 2538 ducentos
606 2476 699 2536 ferme
713 2473 828 2554 equites
843 2472 997 2536 Masinissa
1017 2473 1097 2536 circa
1115 2493 1149 2536 se
1171 2493 1250 2536 con-

171 2561 304 2639 globatos
328 2562 500 2640 diuisosque
525 2560 677 2623 turmatim
705 2560 737 2620 in
765 2559 820 2620 tris
847 2559 940 2638 partis
967 2577 1126 2638 erumpere
1155 2559 1250 2633 iubet,

133 2646 234 2708 'tloso
258 2647 420 2726 praedicto,
442 2647 473 2708 in
497 2663 587 2725 quem
609 2664 644 2706 ex
667 2644 806 2724 dissipata
827 2643 1128 2723 succedentum.
1172 2644 1248 2724 ipse,

170 2750 227 2810 qua
249 2731 432 2802 intenderat,
455 2731 533 2793 inter
555 2731 649 2792 media
671 2730 729 2791 tela
751 2728 880 2791 hostium
902 2729 1011 2801 suasim
1033 2728 1109 2790 dnae
1131 2738 1250 2790 turmae
1271 2741 1306 2791 tu

171 2817 304 2876 fraesere:
335 2816 426 2877 altera
448 2827 528 2877 metu
551 2815 648 2876 dedita
671 2814 764 2885 hosti,
792 2812 973 2893 pertinacior
994 2813 1025 2873 iu
1048 2813 1247 2893 repugnando

239 2952 250 2999 f
272 2963 339 2999 xxxx
357 2949 381 2998 P
396 2947 499 3013 triginta
517 2950 554 2998 Σ1
567 2947 577 3016 l
590 2947 714 3000 conlectis
730 2947 768 2997 ΣΙ
785 2945 901 2998 collectis
917 2945 961 3012 ΡΙ
972 2945 1112 2998 maesulios
1130 2963 1166 2997 ee
1177 2961 1248 2999 me·

169 3015 232 3068 salis
244 3015 276 3068 1³¹
294 3015 417 3068 rnennlios
430 3017 468 3066 ΞΡ
480 3016 490 3084 ΙΙ
503 3018 518 3068 3
531 3016 659 3082 insperato
671 3016 711 3065 2¹
725 3015 851 3080 imperato
862 3013 906 3080 ΡΙ
918 3017 935 3066 t
947 3013 1026 3065 millia
1038 3013 1082 3082 ΡΙ
1094 3017 1110 3068 5
1122 3021 1249 3081 quattuor

169 3087 192 3136 P
205 3090 325 3152 quattuor
337 3083 406 3136 milia
419 3085 459 3134 δ”
472 3087 481 3149 l
493 3085 660 3136 conuenirent
671 3081 863 3134 Pconiluerent
875 3083 913 3132 2¹
925 3081 935 3149 l
949 3081 1051 3148 lamque
1063 3083 1175 3149 Petqne
1187 3083 1247 3146 ΣΙΙ

169 3157 183 3205 'f
202 3152 389 3218 carthaginensi
410 3153 450 3202 ΣΙ
466 3153 477 3220 p
494 3151 710 3218 mesuliormnque
733 3151 778 3202 uel
799 3150 979 3202 messnllornm
999 3165 1032 3202 oe
1055 3150 1121 3218 ΣῚ
1140 3148 1208 3202 lines
1225 3151 1251 3200 P

168 3221 260 3288 qaines
277 3219 366 3289 ffipt
385 3219 509 3288 syphagis
527 3220 569 3286 ΡΙ
582 3225 697 3272 uastaret
714 3217 773 3270 iude
791 3219 942 3270 Puastaret
1001 3219 1014 3269 l
1037 3224 1108 3270 ueste
1129 3219 1183 3284 peti
1201 3221 1249 3270 set

169 3297 240 3342 uasta
259 3289 324 3357 petit
341 3289 380 3339 2⁷¹
392 3287 402 3357 l
415 3291 430 3343 tt
449 3289 643 3354 oportuniorum
654 3286 713 3356 ΣῑΙ
730 3290 760 3338 tu
778 3286 899 3337 maiorem
917 3283 991 3337 ΡΣ*
1008 3285 1113 3337 isiorena
1126 3285 1159 3336 ΡΙ
1169 3285 1182 3352 Ι
1194 3285 1248 3338 inm

167 3373 221 3410 rena
239 3362 259 3424 ς
275 3358 326 3410 ianr
344 3373 388 3410 rex
406 3358 430 3409 P
443 3371 500 3409 eam
517 3371 571 3408 rem
589 3355 649 3422 ΣῚ
664 3358 693 3407 11
715 3352 859 3421 praefectos
878 3355 915 3404 ΣΙ
932 3353 1062 3421 praefecto
1080 3353 1123 3419 ΡΙ
1138 3353 1170 3406 12
1189 3369 1249 3406 uer·

170 3440 243 3478 mena
261 3431 316 3478 erat
333 3425 373 3476 Σ·
390 3425 543 3477 ucrmiuerat
560 3424 584 3475 Ρ
598 3422 728 3475 uerminae
746 3427 801 3474 erat
818 3422 859 3488 ςΙ
877 3422 987 3487 imperet
1007 3426 1035 3474 nt
1053 3421 1163 3473 Pillunr
1181 3421 1248 3486 ΣῚ

172 3496 202 3545 13
214 3492 320 3545 inuadat
333 3495 355 3545 P
369 3492 489 3546 inuadere
501 3491 573 3544 iubet
584 3492 621 3541 Σ·
634 3490 644 3556 Ι
658 3494 690 3545 19
702 3489 863 3542 masinissam
875 3489 919 3557 ΡΙ
930 3491 964 3542 20
975 3487 1068 3541 fidncia
1080 3489 1127 3554 2⁴,
1143 3504 1195 3540 on.
1206 3490 1248 3554 ΡΙ

169 3563 200 3613 m
219 3559 306 3626 dirigit
323 3561 382 3627 ΣἸ
396 3560 439 3612 diu
452 3559 524 3612 ΡΨ
540 3558 592 3612 dno
609 3558 642 3610 P¹
653 3559 664 3626 ΙΙ
677 3559 709 3610 23
722 3557 865 3625 syphaeum
877 3559 918 3620 1²¹,
929 3573 1000 3610 corr.
1012 3557 1065 3625 ΡΊ
1078 3571 1109 3609 ea
1120 3557 1146 3608 P
1155 3572 1189 3609 ex
1200 3557 1248 3608 sot

168 3638 194 3679 et
211 3629 249 3678 >2¹
261 3627 272 3694 f
285 3629 316 3681 25
335 3629 441 3695 syphscf
462 3645 516 3681 rar.
534 3644 569 3678 ec
586 3626 697 3694 syphsgi
715 3625 757 3692 ΡΙ
770 3627 804 3679 26
820 3625 921 3691 pedites
938 3625 1090 3692 equitesque
1101 3625 1127 3676 P
1140 3624 1246 3692 equites

167 3695 318 3762 peditesque
336 3697 372 3744 ΣΙ
385 3696 395 3763 l
409 3697 440 3748 rt
459 3701 503 3748 aut
520 3694 589 3763 capti
607 3711 659 3746 om.
671 3694 708 3744 ΣΙ
721 3695 776 3752 130
794 3699 876 3746 terme
890 3691 931 3742 2²
948 3693 1037 3746 turbae
1055 3692 1096 3760 ΡΙ
1109 3693 1141 3747 ³1
1160 3691 1245 3745 allen

169 3769 239 3814 metu
256 3759 341 3813 dedita
360 3763 502 3815 Pslteram
520 3769 546 3814 et
565 3771 592 3814 ut
610 3762 677 3813 edita
697 3761 735 3810 2¹
