2734 4250
98 164 118 198 ι.
133 153 237 197 caeno
462 135 556 188 unna
573 135 693 200 ιιιιιιιιι,
712 139 751 190 10.
771 140 800 188 tt
875 93 881 104 ’
1110 135 1171 195 aaa

97 310 238 372 etiamid
266 310 360 372 bostis
389 308 565 388 ingruisset3
594 310 711 387 itaque,
740 309 880 389 quoniam
910 309 973 394 ipse
1002 311 1106 372 uenire
1137 312 1210 373 ada

98 395 216 457 comitia
246 414 308 455 non
337 407 453 475 posset,
475 395 505 455 'si
537 395 574 454 ita
598 395 733 474 patribus
761 395 927 463 uideretur,
960 414 992 456 se
1020 394 1056 465 0.
1073 396 1173 457 Caeci·

98 481 168 541 lium
184 480 334 541 Metellum
356 480 529 540 dictatorem
552 479 740 540 comitiorum
764 497 850 541 causa
872 480 1036 541 dicturum:
1059 483 1172 542 enerci-

98 577 161 626 tum
183 565 220 635 Ο.
244 565 352 626 Caecili
373 565 479 625 dimitti
501 582 518 624 e
541 583 574 625 re
601 565 719 645 publiea
750 583 831 640 esse;
862 583 928 626 nam
959 583 1058 644 neque
1088 576 1210 628 usuma

65 652 164 713 teins
186 651 278 711 ullum
301 651 332 710 in
355 649 523 728 praesentia
547 668 624 722 esse,
653 667 720 710 cum
744 648 892 710 Hannibal
914 652 970 710 iam
996 650 1024 710 in
1047 650 1173 712 hiberna

98 755 168 796 saroa
190 735 348 815 receperit,
371 744 402 796 et
422 743 504 794 tanta
526 735 682 796 incesserit
705 738 735 796 in
760 753 794 796 ea
817 744 911 797 castra
934 736 979 796 uis
1001 734 1107 806 morbi,
1130 746 1173 808 ut,

100 820 155 881 nisi
172 827 288 881 mature
310 820 505 890 dimittantur,
529 837 617 881 nemo
640 821 773 881 omnium
796 821 1007 899 superfuturus
1028 822 1172 883 uideatur.

98 923 132 965 ea
158 906 273 966 consuli
296 923 312 966 a
335 905 468 985 patribus
496 906 646 978 iacienda,
674 914 708 966 ut
729 924 745 965 e
768 922 801 966 re
828 905 945 984 publica
976 904 1093 984 fideque
1121 925 1172 968 sna

98 992 232 1063 duceret,
253 991 406 1070 permissa.

49 1089 77 1139 to
183 1075 338 1137 Ciuitatem
371 1094 407 1136 eo
434 1085 567 1155 temporo
595 1093 706 1155 repens
734 1075 838 1154 religio
866 1075 1017 1136 inuaserat
1049 1077 1211 1138 inuentot
1250 1073 1253 1080 ’

99 1163 233 1221 carmine
248 1161 278 1221 in
298 1160 381 1221 libris
396 1160 548 1240 Sibyllinis
569 1169 695 1240 propter
716 1159 850 1221 crebrius
873 1178 909 1221 eo
931 1178 1011 1221 anno
1034 1160 1071 1222 de
1093 1163 1174 1224 caelo

101 1247 263 1325 lapidatum
286 1245 437 1325 inspectis,
459 1246 639 1325 quandoque
661 1245 755 1306 bostis
776 1245 942 1324 alienigena
964 1255 1061 1306 terrae
1076 1243 1211 1307 ltaliaet

100 1331 210 1392 bellum
226 1331 383 1402 intulisset,
403 1349 471 1391 eum
486 1331 556 1410 pelli
571 1331 652 1391 ltalia
667 1330 808 1408 uincique
823 1348 920 1409 posse,
942 1329 967 1392 si
983 1329 1076 1390 illator
1090 1329 1173 1392 idaea

101 1415 311 1477 aPesainunte
326 1415 448 1475 Romam
470 1417 593 1477 aduecta
613 1417 701 1476 loret.
745 1414 773 1474 id
796 1432 916 1475 carmen
940 1413 978 1474 ab
1000 1415 1176 1478 decemuiris
1197 1426 1212 1476 t

51 1514 78 1564 15
101 1502 259 1562 inuentum
282 1518 318 1560 eo
340 1501 434 1579 magis
455 1511 554 1579 patres
576 1500 686 1571 mouit,
713 1498 792 1576 quod
815 1508 847 1560 et
867 1500 966 1578 legati,
989 1500 1040 1578 qui
1061 1501 1173 1562 donum

101 1585 232 1664 Delphos
253 1593 455 1664 portauerant,
478 1585 648 1645 referebant
669 1593 700 1644 et
721 1583 956 1644 sacrificantibus
978 1584 1049 1664 ipsis
1073 1584 1175 1666 Pythio

100 1670 230 1750 Apollini
245 1670 320 1730 laeta
335 1679 401 1730 exta
416 1671 507 1731 luisse
522 1679 553 1729 et
566 1687 744 1749 responsum
760 1670 881 1730 oraculo
895 1668 1018 1741 editum,
1034 1670 1175 1732 maiorem

100 1755 194 1815 multo
209 1755 374 1825 uictoriam,
397 1772 484 1833 quam
500 1756 585 1816 cuius
606 1773 643 1814 ex
664 1754 767 1833 spoliis
788 1754 864 1815 dona
888 1764 1051 1834 portarent,
1074 1755 1176 1818 adesse

102 1841 214 1919 populo
231 1839 374 1900 Romano.
412 1841 441 1900 in
458 1839 588 1900 eiusdem
606 1841 669 1920 spei
689 1857 832 1901 summam
856 1841 1051 1902 conterebant
1064 1840 1096 1902 P.
1113 1843 1176 1903 Sci·
1199 1855 1212 1904 t

50 1939 80 1989 td
101 1926 201 2006 pionis
223 1924 307 1987 uelut
321 1925 556 2004 praesagientem
572 1925 704 1986 animum
721 1925 757 1986 de
771 1927 831 1986 fine
847 1925 925 1998 belli,
948 1926 1027 2004 quod
1043 1925 1175 2007 depopo-

10 2006 11 2073 l
100 2011 206 2071 scisset
217 2010 402 2090 prouinciam
414 2010 552 2071 Africam.
581 2011 691 2088 itaque,
709 2028 768 2088 quo
779 2011 925 2072 maturius
937 2011 1012 2082 latis,
1029 2013 1178 2074 ominibus
1199 2023 1214 2073 8

10 2104 11 2111 ’
101 2095 291 2175 oraculisque
317 2094 524 2174 portendentis
551 2113 617 2157 aeae
647 2095 789 2156 uictoriae
817 2103 971 2173 compotes
999 2099 1121 2170 tierent,
1150 2099 1178 2159 id

102 2181 234 2259 cogitare
250 2189 339 2259 atque
361 2180 480 2259 agitare,
503 2198 579 2259 quae
602 2181 677 2241 ratio
699 2179 947 2258 transportandae
962 2180 1086 2241 Romam
1108 2180 1179 2243 deae

103 2276 191 2327 esset.
235 2266 402 2327 nullasdum
418 2267 447 2325 in
465 2266 531 2327 Asia
554 2266 649 2326 socias
670 2265 805 2326 ciuitates
828 2265 954 2325 babebat
976 2266 1104 2344 populus
1119 2266 1179 2326 lio-
1197 2273 1230 2326 nt

50 2363 79 2413 aa
102 2368 225 2424 manus;
248 2360 345 2411 tamen
362 2368 510 2412 memores
524 2350 732 2428 Aesculapium
749 2366 869 2429 quoque
884 2368 919 2411 ex
936 2348 1057 2411 Graecia
1080 2368 1179 2430 quon-

10 2493 11 2498 ,
102 2437 170 2497 dam
199 2435 348 2497 hauddum
377 2435 438 2495 ullo
467 2435 587 2496 loedere
615 2435 724 2496 sociata
755 2434 933 2495 ualetudinis
962 2434 1064 2514 populi
1092 2454 1178 2497 causa

10 2533 11 2558 i
102 2522 292 2591 arcessitum,
320 2529 393 2581 tunc
421 2520 478 2581 iam
501 2538 568 2580 eum
591 2520 688 2580 Attalo
711 2538 780 2599 rege
804 2528 928 2599 propter
949 2538 1108 2582 commune
1130 2523 1181 2584 ad·
1204 2531 1218 2580 2

10 2605 11 2650 t
103 2624 211 2668 uersus
238 2605 406 2685 Philippum
436 2605 545 2667 bellurn
575 2614 711 2684 coeptam
741 2603 896 2665 amicitiant
927 2623 1006 2676 ease,
1034 2607 1180 2668 iacturum

173 2792 190 2841 2
208 2803 258 2857 qne
276 2788 410 2841 caedlium
422 2788 464 2855 ΡΙ
477 2792 494 2841 4
511 2803 561 2856 qne
579 2789 668 2840 caecili
683 2788 726 2855 Pp
738 2792 753 2841 6
769 2792 839 2840 mota
857 2805 892 2839 eae
905 2792 1002 2839 tamntn
1014 2790 1046 2840 Ρι
1083 2794 1181 2842 mamm

10 2861 11 2870 ’
103 2858 288 2911 incessisse..
306 2858 358 2908 nim
378 2857 503 2909 Gelenius
537 2859 553 2909 8
574 2855 673 2909 consuli
692 2870 706 2907 a
726 2860 745 2920 ς
763 2870 816 2909 cos.
834 2873 848 2907 ιι
866 2858 890 2908 Ρ
905 2857 1012 2909 consilia
1081 2859 1120 2925 l9
1138 2860 1183 2912 du-

10 2971 11 2980 ,
104 2931 176 2979 cenet
193 2923 233 2974 λ’
249 2924 324 2977 deret
339 2924 372 2977 P¹
389 2924 461 2976 daret
478 2925 513 2976 Ρ
549 2928 581 2977 10
599 2940 692 2991 repens
705 2923 745 2974 ΣΡ
761 2940 824 2991 qens
837 2927 959 2977 Precens
971 2928 990 2991 ς
1002 2926 1012 2993 l
1025 2926 1130 2979 inuento
1143 2928 1167 2978 P

105 2998 136 3048 tt
156 2993 287 3062 sybillinis
304 2991 351 3060 Pl
368 2993 483 3045 crebrios
499 2993 522 3044 P
539 2992 549 3057 Ι
566 2992 597 3044 de
616 2997 635 3057 ς
652 3008 667 3044 e
685 2992 745 3045 1²2⁸
760 2992 770 3061 l
786 2995 817 3046 ta
834 2992 906 3045 italia
923 2992 998 3044 ΡΨ
1014 2994 1106 3047 ititalia
1125 2996 1156 3047 P¹

104 3064 227 3130 uincique
238 3062 263 3112 Ρ
273 3059 384 3129 ducique
395 3061 515 3127 uincique
528 3060 569 3110 2²
581 3066 591 3127 t
604 3064 636 3113 14
648 3076 663 3112 a
675 3061 826 3126 pessinunte
838 3065 857 3125 ς
869 3060 1013 3112 dianonus
1023 3078 1086 3130 apes
1097 3064 1185 3115 sinunt

104 3146 119 3183 e
137 3130 180 3181 Σι
200 3133 228 3179 et
247 3134 281 3179 ut
301 3130 358 3181 aeid.
376 3129 414 3179 >3¹
437 3129 581 3195 pissinunte
603 3130 636 3179 P¹
660 3143 674 3179 a
696 3130 811 3195 scipione
835 3130 937 3193 signnm
954 3143 969 3180 e
987 3129 1022 3179 P‘
1044 3134 1107 3181 ante
1130 3146 1184 3181 rae.

104 3214 134 3250 aa
153 3197 281 3249 issinnnte
297 3203 357 3262 poet
373 3212 428 3248 rar.
441 3197 451 3263 Ι
464 3210 595 3248 romanam
618 3195 726 3248 aduecta
744 3196 810 3247 loret
827 3197 852 3247 Ρ
873 3210 969 3248 romam
988 3196 1095 3249 aduecta
1114 3204 1184 3249 esset

147 3268 276 3317 tramam
295 3264 457 3316 adnectaseet
475 3265 514 3314 2¹
532 3264 543 3330 Ι
559 3264 592 3315 ab
610 3265 662 3316 Pa
680 3264 720 3313 >5¹
731 3263 741 3330 l
754 3262 907 3315 decemuiris
925 3263 968 3329 ΡΙ
983 3267 1012 3315 Π
1032 3264 1145 3331 apolloni
1164 3267 1188 3317 Ρ

105 3333 214 3401 apollini
232 3333 317 3385 omnia
336 3333 396 3399 ΣἸ
409 3332 460 3384 leta
477 3338 536 3384 exta
549 3331 589 3382 2⁸
604 3331 671 3383 laeta
684 3334 720 3395 P‚·
738 3335 786 3382 aut
805 3332 871 3383 laeta
890 3338 947 3383 exta
966 3331 1046 3384 luisse
1064 3337 1113 3382 aut
1130 3348 1185 3385 om·

104 3404 148 3454 nia
171 3401 239 3452 laeta
262 3399 342 3451 luisse
364 3400 535 3451 scribendum
552 3401 707 3451 obamtauit
727 3400 816 3451 Maur.
833 3399 947 3451 Mueller
966 3400 1098 3465 Goetting.
1117 3404 1184 3452 Ans.

105 3468 182 3530 1880,
196 3470 262 3521 1455
276 3467 286 3533 Ι
298 3469 403 3519 oraculo
415 3469 439 3519 P
451 3468 582 3520 oraculum
594 3467 634 3518 >7¹
646 3468 657 3535 Ι
668 3468 779 3520 edictum
792 3467 834 3533 ΡΙ
847 3470 878 3520 21
898 3467 1025 3519 ominibus
1044 3468 1186 3521 Rhenanus

104 3537 227 3591 mnibus
250 3536 308 3587 ΡΣι
326 3536 337 3601 Ι
356 3538 389 3588 22
406 3535 568 3604 portendenti
586 3536 643 3597 (aad
658 3535 729 3588 denti
747 3536 814 3587 Pin
831 3536 896 3599 raa.)
913 3534 973 3585 ΡΣΙ
985 3534 995 3600 l
1008 3539 1074 3599 aeae]
1092 3538 1121 3600 Ρ,
1141 3539 1188 3589 aad

103 3610 185 3725 iil?
186 3620 210 3724 l
218 3602 619 3740 itatatlttttttltttd
627 3606 678 3738 ¹13³„
690 3603 937 3737 lililddlil't
947 3602 1044 3723 dap*
1060 3606 1187 3739 billi

107 3744 141 3794 28
159 3747 260 3808 ceptam
278 3740 320 3790 2²
339 3747 458 3807 coeptu·
476 3741 500 3792 P
515 3740 525 3806 l
542 3738 712 3809 (affluentes)
735 3740 860 3793 iacturum
884 3739 937 3791 Leo
961 3740 1030 3792 Mus.
1053 3713 1134 3794 liban.
1151 3742 1186 3793 35

107 3810 201 3875 (1880)
214 3808 281 3872 242·
298 3811 381 3860 ctiam
398 3810 446 3860 rati
460 3824 550 3874 poam
566 3810 689 3873 mpplerc
