2734 4250
91 156 113 189 s.
128 143 180 187 car.
194 144 234 186 rto
477 123 572 179 traua
588 123 677 190 xxvi,
696 124 798 177 tte-38
1126 122 1167 185 43

89 308 213 363 senatus
235 305 376 377 equester
397 299 470 359 ordo
491 305 537 360 est
558 306 687 371 secutus,
710 296 856 376 equestris
871 296 983 359 ordinis
998 295 1091 377 plebs
1130 296 1168 359 ita

72 386 158 448 *sine
180 383 295 456 edicto,
323 382 388 445 sine
410 382 592 445 coercitione
614 381 799 462 magistram
829 400 884 445 nec
906 382 1019 462 remige
1043 382 1074 443 in
1097 400 1168 462 sup·

92 471 277 551 plementum
293 486 350 529 nec
364 467 515 549 stipendio
528 486 577 530 res
592 467 710 547 puhhca
725 467 824 547 eguit;
846 467 1016 547 paratisque
1031 466 1170 529 omnibus

95 555 132 617 ad
154 553 266 617 bellum
287 552 426 615 consules
446 554 477 615 in
500 552 673 634 prouincias
693 552 819 632 proiecti
840 560 921 615 sunt

51 653 69 702 a
177 640 282 719 Neque
309 637 388 699 aliud
413 647 530 719 tempus
553 636 622 699 belli
645 638 714 711 luit,
746 656 806 717 quo
829 636 1086 715 Carthaginienses
1109 636 1168 699 llo·
1186 640 1223 699 22

93 725 236 804 mauique
256 722 369 803 pariter
389 723 479 785 uariis
500 720 618 785 casibus
638 722 778 785 immixtis
799 722 894 801 magis
918 722 949 784 in
972 722 1092 802 ancipiti
1115 740 1168 802 spe

94 829 130 871 ac
158 818 240 871 metu
273 808 393 871 fuerint
438 826 508 869 nam
537 807 678 871 Romanis
706 817 736 869 et
763 808 794 869 in
828 807 1006 888 prouinciis,
1039 807 1109 871 hinc
1138 807 1169 869 in
1193 816 1207 866 2

93 894 237 976 Hispania
262 894 405 955 aduersae
432 912 496 968 res,
524 892 596 957 hinc
624 911 786 973 prosperae
815 893 846 955 in
875 892 972 955 Sicilia
1001 891 1115 955 luctum
1140 902 1169 954 et

94 979 234 1042 laetitiam
249 980 446 1053 miscuerant3
462 987 491 1039 et
505 978 537 1039 in
550 977 630 1040 ltalia
645 996 713 1041 eum
730 978 892 1041 Tarentum
908 978 1046 1039 amissum
1062 978 1170 1039 damno
1192 986 1207 1035 a

39 1076 72 1129 to
95 1076 126 1126 et
147 1063 254 1137 dolori,
276 1073 340 1125 tum
361 1081 414 1125 arx
437 1081 505 1125 eum
519 1063 666 1143 praesidio
689 1072 803 1125 retenta
826 1072 943 1143 praeter
956 1080 1041 1142 spem
1062 1061 1169 1142 gaudio

94 1151 168 1226 luit;
195 1159 227 1211 et
246 1158 393 1210 terrorem
414 1147 545 1211 subitum
571 1167 775 1228 pauoremque
796 1148 879 1211 urbis
901 1147 1011 1209 liemae
1033 1165 1171 1227 opsessae
1193 1156 1208 1207 t

95 1247 125 1298 et
140 1245 329 1316 oppugnatae
345 1234 444 1314 Capua
465 1242 534 1316 post
555 1234 618 1295 dies
632 1252 744 1313 paucos
759 1242 845 1314 capta
868 1234 897 1294 in
916 1233 1055 1295 laetitiam
1070 1232 1169 1295 uertit.

94 1320 312 1383 transmarinae
326 1337 446 1399 quoque
460 1337 509 1381 res
523 1318 649 1399 quadam
660 1319 727 1381 uice
739 1328 894 1397 pensatas:
910 1318 1064 1398 Philippus
1078 1317 1171 1379 hostis
1192 1326 1207 1375 5

95 1417 228 1486 tempore
250 1403 329 1466 haud
350 1405 421 1465 satis
443 1413 616 1484 opportuno
635 1406 742 1477 lactus,
763 1404 860 1466 Aetoli
880 1404 950 1464 noui
972 1401 1075 1465 adsciti
1097 1402 1170 1465 socii

40 1502 75 1553 ta
96 1492 270 1569 Attalusque
290 1490 376 1553 Asiae
397 1508 449 1551 rex
476 1490 532 1550 iam
554 1490 638 1552 uelut
658 1489 864 1569 despondente
887 1489 1006 1553 fortuna
1029 1487 1171 1550 Romanis

94 1577 253 1657 imperium
269 1574 402 1637 orientis.
437 1574 694 1655 Carthaginienses
709 1593 830 1655 quoque
846 1574 961 1655 Capuae
976 1574 1098 1635 amissae
1113 1572 1170 1633 Ta·
1192 1581 1207 1630 6

94 1672 216 1723 rentum
238 1670 359 1740 captum
380 1659 563 1739 aequabant,
591 1669 623 1721 et
652 1670 684 1720 ut
714 1660 751 1721 ad
773 1659 889 1721 moenia
917 1658 999 1721 urbis
1019 1658 1170 1719 Romanae

95 1746 178 1808 nullo
200 1744 380 1825 prohibente
401 1764 434 1806 se
455 1744 629 1825 peruenisse
650 1745 681 1805 in
698 1744 789 1825 gloria
805 1744 967 1825 ponebant,
990 1744 1029 1803 ita
1052 1743 1171 1823 pigebat

94 1832 177 1893 inriti
199 1831 312 1910 incepti
333 1829 523 1911 pudebatque
544 1830 617 1891 adeo
639 1849 672 1892 se
694 1840 826 1909 spretos,
853 1839 886 1891 ut
907 1829 1078 1892 sedentibus
1100 1830 1172 1908 ipsis
1195 1837 1209 1885 t

42 1928 75 1980 tu
95 1916 133 1977 ad
147 1917 282 1979 Romana
297 1914 415 1977 moenia
436 1914 491 1976 alia
506 1924 594 1995 porta
614 1916 762 1978 exereitus
777 1916 929 1977 Romanus
951 1914 983 1976 in
999 1914 1171 1995 Hispaniam

95 2003 265 2064 duceretur.
301 2001 382 2079 ipsae
405 2018 525 2079 quoque
547 1998 716 2081 Hispaniae,
744 2019 804 2080 quo
826 2000 950 2079 propius
971 2018 1055 2080 spem
1077 2017 1170 2061 uene·
1193 2005 1208 2057 8

94 2098 164 2150 rant
185 2086 276 2150 moth
296 2084 414 2148 duobus
427 2085 554 2149 ducibus
567 2085 806 2165 exercitibusque
822 2084 916 2147 caesis
937 2083 1113 2147 debellatum
1129 2083 1169 2147 ibi

93 2192 129 2235 ac
150 2172 254 2253 pubes
279 2171 348 2232 iude
370 2170 521 2233 Romanos
542 2189 623 2245 esse,
653 2191 688 2233 eo
717 2171 784 2250 plus
812 2170 848 2231 ab
873 2170 906 2232 t.
921 2169 1031 2231 hlarcio
1060 2170 1170 2232 tumul·

94 2260 191 2320 turario
214 2256 291 2319 duce
311 2257 348 2318 ad
369 2274 481 2317 uanum
503 2266 533 2318 et
553 2257 676 2318 inritum
699 2255 853 2320 uictoriam
875 2255 1023 2317 redactam
1038 2273 1102 2318 esse
1123 2255 1171 2317 in·

40 2354 73 2404 aa
95 2341 276 2422 dignationis
296 2339 488 2421 praebebant.
531 2341 572 2403 ita
593 2349 740 2420 aequante
762 2342 882 2402 senuna
905 2358 1050 2421 suspensa
1072 2341 1171 2401 omnia
1194 2347 1210 2397 9

95 2429 231 2508 utrisque
253 2435 338 2488 erant
359 2427 475 2506 integra
496 2445 566 2506 ape,
593 2426 712 2506 integro
734 2435 832 2500 metu,
861 2424 944 2487 uelut
964 2425 1015 2486 illo
1037 2435 1172 2504 tempore

94 2514 225 2593 primum
247 2511 358 2574 bellum
378 2510 555 2592 inciperent
815 2551 816 2554 ,
1049 2575 1054 2582 q

182 2596 378 2659 Hannibalem
400 2606 469 2658 ante
493 2596 593 2658 omnia
615 2595 750 2676 augebat,
772 2595 852 2674 quod
870 2594 970 2674 Capua
991 2595 1172 2674 pertinacius
1186 2596 1225 2654 8⁸

95 2690 268 2764 oppugnata
289 2681 325 2743 ab
348 2681 491 2744 Humanis
517 2698 604 2760 quam
627 2681 748 2744 delensa
770 2680 806 2741 ah
835 2698 867 2742 se
892 2679 1053 2741 multorum
1075 2679 1173 2741 ltaliae

42 2779 74 2828 ao
94 2768 278 2849 populorum
299 2768 415 2829 animos
436 2775 600 2838 auerterat,
623 2785 699 2846 quos
721 2783 820 2844 neque
842 2765 939 2826 omnis
961 2775 1065 2828 tenere
1087 2783 1174 2844 prae·
1197 2772 1212 2823 2

95 2854 189 2927 cidiis,
211 2853 268 2914 nisi
291 2852 381 2914 uellet
402 2853 434 2914 in
450 2850 558 2913 multas
572 2868 739 2931 paruasque
755 2851 846 2933 partis
860 2868 985 2930 carpere
1000 2850 1172 2920 exercitum,

96 2940 177 3019 quod
198 2938 404 3000 minimatum
427 2936 618 3016 expediebat,
647 2945 764 3016 poterat
786 2953 842 2997 nec
864 2935 998 3000 deductis
1020 2935 1174 3016 praesidiis

94 3024 160 3105 spei
183 3021 308 3085 liberam
337 3023 385 3084 uel
407 3021 567 3084 obnoxiam
588 3020 689 3083 timori
711 3020 860 3084 sociorum
883 3020 1053 3098 relinquere
1074 3019 1171 3082 fidem.

95 3127 241 3190 praecepa
270 3108 301 3169 in
330 3107 485 3170 auaritiam
514 3115 545 3168 et
571 3106 775 3168 crudelitatem
804 3106 921 3167 animus
949 3105 985 3166 ad
1011 3104 1210 3185 spoliandas

43 3205 73 3254 et
94 3213 173 3274 quae
194 3194 272 3256 tueri
288 3192 439 3273 nequibat,
463 3201 496 3254 ut
511 3199 623 3252 uastata
638 3191 715 3253 hosti
735 3190 987 3270 relinquerentur,
1009 3189 1174 3252 inclinauit.

166 3331 178 3380 1
201 3331 324 3393 aqueum
340 3325 383 3392 ΡΙ
395 3325 471 3391 pleps
486 3324 558 3391 ΡΙ2
577 3325 732 3377 coercitione
752 3325 833 3378 Grorr.
852 3322 1033 3376 coercitatione
1047 3321 1089 3388 Pb
1101 3322 1176 3374 remi-

95 3409 143 3462 ges
161 3394 237 3462 Plo
255 3393 325 3446 alind
348 3397 368 3457 ς
393 3392 476 3445 Grec.
493 3393 527 3444 A.
542 3393 700 3444 Ρηέιοηὲω
723 3393 792 3444 aliud
816 3391 898 3458 magis
916 3393 987 3455 ΡΙΙθ
1004 3391 1112 3442 immixti
1131 3395 1150 3455 ς

97 3468 112 3516 2
131 3479 166 3530 ag
182 3462 254 3528 rte
273 3461 416 3529 hispaniam
439 3460 547 3514 aduerte
564 3458 741 3527 Plprespere
759 3460 801 3527 ΡΙΙ
816 3463 847 3513 tu
860 3458 969 3512 dololori
983 3459 1023 3522 1²¹,
1040 3457 1158 3511 corr-‚1²¹

95 3546 140 3584 arx
159 3538 182 3594 ς
202 3545 245 3581 ars
263 3530 297 3581 Ρ·
321 3544 404 3582 arcem
422 3526 478 3594 ΡΙ
494 3529 524 3582 12
542 3542 639 3594 capuae
658 3527 701 3595 ΡΙΙ
716 3531 748 3581 tt
766 3528 854 3581 retolli
872 3528 914 3594 ΡΙ
927 3527 996 3579 nouii
1015 3525 1116 3579 adscitii
1134 3527 1176 3588 ΡΙ,

95 3615 168 3652 eurr.
186 3596 242 3665 1²²!
258 3600 288 3651 15
306 3599 379 3650 uelut
396 3601 416 3661 ς
432 3597 474 3649 uel
493 3596 536 3664 ΡΙ
549 3599 583 3649 lli
599 3596 710 3648 amissae
727 3596 760 3648 P¹
778 3597 870 3650 amissa
889 3608 916 3648 er
929 3593 985 3658 Μ
1001 3598 1030 3648 ll
1044 3595 1128 3648 monia
1143 3595 1175 3646 Ρ1

94 3668 197 3721 nacula
215 3666 270 3731 Pl
283 3668 314 3719 21
334 3666 390 3734 ipsa
408 3665 450 3730 ΡΙ
463 3679 509 3730 spe
526 3663 570 3730 Pp
583 3666 615 3717 22
631 3665 854 3732 exercitibusquae
866 3665 908 3730 ΡΙΙ
921 3666 953 3718 23
967 3663 1026 3728 plue
1039 3673 1059 3728 ς
1072 3664 1176 3729 pl.i.bns

95 3738 137 3801 Pl
151 3738 185 3789 24
202 3733 392 3800 indignationes
410 3731 453 3799 ΡΙΙ
465 3733 499 3785 tt
516 3731 616 3785 tortum
636 3749 671 3784 ar
690 3731 807 3785 lortnnae
825 3734 857 3784 P·
875 3738 902 3783 et
922 3731 955 3786 1²¹
967 3730 977 3797 Ι
991 3733 1023 3784 26
1041 3733 1176 3798 utriusque

95 3805 137 3868 el
149 3805 251 3870 integro
269 3803 425 3868 reintegra
442 3801 474 3851 1⁹¹
