2734 4250
102 161 123 196 ι.
138 150 189 195 aar.
202 150 241 193 aot
504 132 598 186 mean
615 132 694 200 xxx,
713 138 736 188 5.
755 136 771 187 6
1118 136 1180 197 247

99 324 135 368 ea
156 324 206 368 ras
228 316 340 367 morata
362 306 411 369 din
435 315 495 369 este
526 322 594 367 nam
616 314 649 366 ut
670 306 814 387 proximis
843 307 917 369 casis
945 307 1071 371 iniectus
1103 309 1181 389 ignis

99 391 208 463 haesit,
239 391 386 471 extemplo
409 392 543 471 proxima
566 406 702 469 quaeque
723 398 753 451 et
778 391 919 471 deinceps
948 392 1091 455 continua
1119 411 1181 455 am-

99 476 206 555 plexus
228 477 298 538 totis
319 495 351 539 se
374 476 481 555 passim
504 475 659 554 dissipauit
676 475 790 538 castris.
834 484 865 537 et
878 476 1034 556 trepidatio
1050 479 1179 557 quidem,
1201 489 1216 541 8

100 571 240 640 quantam
265 579 385 623 necesse
407 571 471 623 erat
497 562 527 623 in
556 568 707 622 nocturno
734 560 828 622 alfuso
856 570 917 622 mm
943 561 1001 623 late
1030 564 1179 640 incendio,

59 658 76 707 5
98 654 165 707 orta
187 654 248 720 est;
271 654 403 707 ceterum
426 646 594 719 fortuitum,
618 664 680 708 non
702 644 841 707 hostilem
862 664 897 708 ac
919 646 1057 710 bellicum
1079 649 1180 729 ignem

98 731 156 792 rati
179 749 257 805 esse,
286 731 351 793 sine
373 732 463 793 armis
493 732 527 792 ad
557 729 804 810 restinguendum
832 731 1005 793 incendium
1033 734 1119 797 effusi
1146 734 1177 796 in
1201 744 1216 795 9

98 824 229 878 armatos
250 815 382 877 incidere
396 816 506 891 bostis,
532 816 657 877 maxime
679 816 819 878 Numidas
840 816 877 878 ab
899 816 1051 881 Masinissa
1074 818 1179 881 notitia

98 902 250 980 regiorum
272 908 437 963 castrorum
459 901 496 961 ad
518 902 612 962 exitus
634 901 776 962 itinerum
791 900 906 963 idoneis
921 901 993 963 locis
1009 903 1176 983 dispositos.

98 986 208 1047 multos
229 986 260 1047 in
284 986 355 1066 ipsis
378 985 526 1048 cubilibus
547 986 745 1048 semisomnos
767 986 864 1048 bausit
885 986 1015 1063 llamma;
1038 990 1124 1051 multi
1145 990 1176 1051 in
1201 1000 1229 1053 tt

42 1080 74 1133 1⁰
96 1070 251 1151 praecipiti
272 1071 341 1149 luga
362 1079 486 1133 ruentes
506 1088 597 1150 super
619 1071 693 1131 alios
714 1070 763 1131 alii
789 1070 820 1132 in
850 1071 994 1151 angustiis
1022 1084 1177 1152 portarum

98 1156 201 1235 optriti
223 1165 304 1217 sunt

182 1240 376 1302 Relucentem
390 1240 535 1301 flammam
558 1240 654 1320 primo
677 1240 783 1319 uigiles
805 1239 1100 1320 Carthaginiensium,
1123 1242 1212 1305 ded

95 1326 166 1387 inde
178 1325 295 1386 excitati
306 1325 355 1386 alii
373 1337 522 1387 nocturno
538 1325 667 1387 tumultu
682 1342 751 1386 cum
767 1326 1003 1405 conspexissent,
1019 1324 1055 1386 ab
1071 1326 1176 1387 eodem

95 1427 198 1471 errore
220 1410 341 1472 credere
364 1420 393 1472 et
415 1410 471 1491 ipsi
492 1428 546 1473 sua
566 1418 674 1490 sponte
697 1409 868 1473 incendium
883 1418 991 1484 ortum,
1014 1418 1045 1471 et
1066 1410 1213 1473 clamore

40 1504 72 1557 tt
94 1496 175 1556 inter
195 1494 316 1557 caedem
337 1503 367 1556 et
389 1495 514 1558 uulnera
535 1494 669 1557 sublatus
691 1513 727 1555 an
751 1513 788 1556 ex
809 1494 1006 1575 trepidatione
1028 1505 1176 1557 nocturna

96 1589 175 1642 asset
196 1580 339 1642 confusus
361 1598 482 1642 sensum
504 1580 567 1641 ueri
590 1578 746 1641 adimebat.
790 1580 882 1659 igitur
906 1598 960 1659 pro
989 1598 1022 1641 se
1050 1581 1211 1660 quisquea

95 1665 237 1739 inermes,
261 1672 293 1725 ut
308 1665 417 1744 quibus
428 1664 503 1726 nibil
513 1665 619 1726 hostile
631 1673 804 1744 suspectum
815 1673 902 1741 esset,
917 1663 1058 1727 omnibus
1068 1666 1174 1745 portis,

95 1767 154 1828 qua
178 1748 286 1828 cuique
307 1749 476 1829 proximum
498 1759 569 1820 erat,
593 1767 627 1809 ea
649 1750 753 1824 modo,
777 1767 853 1829 quae
875 1750 1088 1830 restinguendo
1111 1752 1174 1831 igni

95 1836 204 1909 serent,
226 1843 391 1915 portantes,
412 1835 443 1895 in
467 1852 573 1914 agmen
589 1834 756 1895 Romanurn
774 1833 912 1897 ruebant.
956 1834 1066 1914 quibus
1081 1838 1174 1899 caesis
1196 1848 1211 1899 4

38 1930 72 1981 m
93 1918 247 1994 omnibnS,
270 1928 479 1999 praeterquam
501 1918 600 1981 hostili
623 1919 691 1980 odio
718 1920 807 1981 etiam
829 1921 956 1999 nequis
979 1921 1104 1983 nuntius
1125 1940 1174 1983 re·

94 2006 225 2083 lugeret,
253 2006 401 2085 extemplo
424 2004 523 2084 Scipio
547 2004 693 2072 neclectas
718 2013 753 2066 ut
779 2006 810 2067 in
838 2006 890 2066 tali
917 2006 1046 2067 tumultu
1075 2016 1173 2085 portas

93 2089 223 2167 inuadit;
251 2089 431 2170 ignibusque
459 2090 490 2152 in
520 2089 652 2171 proxima
676 2097 753 2152 tecta
776 2089 918 2152 coniectis
941 2090 1033 2152 effusa
1055 2090 1210 2152 dammae

92 2177 190 2254 primo
214 2175 296 2237 uelut
316 2194 417 2256 sparsa
439 2174 575 2255 pluribus
597 2175 671 2236 locis
697 2175 821 2247 reluxit,
849 2175 917 2236 dein
947 2192 1003 2253 per
1031 2176 1173 2237 continua

91 2277 218 2340 serpens
239 2279 301 2322 uno
324 2269 449 2341 repente
470 2260 569 2321 omnia
591 2259 731 2321 incendio
745 2259 852 2321 bausit.
895 2259 1022 2320 ambusti
1036 2258 1173 2322 homines
1194 2271 1209 2320 6

36 2355 69 2406 25
91 2346 284 2425 iumentaque
306 2347 392 2408 ioeda
414 2345 542 2425 primum
565 2345 650 2424 luga,
679 2345 748 2406 dein
772 2351 870 2424 strage
900 2342 1096 2405 obstruebant
1123 2344 1171 2406 iti·

92 2449 166 2492 nera
187 2439 354 2511 portarnm3
384 2448 459 2509 quos
482 2448 541 2492 non
566 2438 757 2510 oppresserat
783 2429 876 2508 ignis,
905 2429 985 2489 ferro
1008 2426 1172 2509 absumpti;

91 2515 222 2594 binaque
244 2523 340 2578 castra
369 2515 450 2577 clade
479 2533 538 2577 una
567 2515 671 2576 deleta.
714 2515 806 2575 duces
833 2521 933 2574 tamen
962 2511 1050 2574 ambo
1079 2523 1108 2574 et
1137 2526 1209 2575 ext

91 2609 137 2662 tot
158 2600 277 2663 milibus
298 2610 480 2663 armatorum
502 2600 562 2661 duo
585 2599 661 2660 milia
684 2598 817 2678 peditum
839 2607 870 2660 ct
884 2598 1041 2678 quingenti
1056 2599 1171 2677 equites

91 2703 269 2760 semermes,
298 2703 404 2767 magna
425 2703 495 2766 pars
516 2685 608 2746 saucii
633 2683 791 2762 adflatique
820 2683 960 2745 incendio
990 2683 1169 2763 effugerunt.

36 2781 68 2832 30
90 2789 175 2833 caesa
197 2780 247 2832 aut
269 2771 373 2834 hausta
396 2769 519 2832 flammis
541 2770 576 2832 ad
599 2769 792 2848 quadraginta
814 2769 895 2830 milia
915 2768 1072 2830 hominum
1089 2777 1169 2843 sunt,
1190 2779 1205 2831 8

162 2992 174 3043 1
194 2989 316 3055 proximis
334 2988 394 3038 ΡΣ)
414 2986 501 3053 primis
523 2985 604 3038 Goon.
622 2986 682 3038 coll.
697 2987 789 3052 Polyb.
810 2985 1170 3054 m,4‚6qeasts1²casuis

91 3059 131 3108 Σ)
145 3057 185 3123 b²
203 3056 286 3108 haesit
296 3057 320 3106 P
335 3055 410 3107 lmste
427 3055 472 3105 uel
489 3061 529 3106 est
541 3056 581 3104 Σ)
597 3053 645 3172 qet
663 3069 715 3105 om.
731 3056 771 3103 Σ)
787 3055 825 3120 ld
842 3058 964 3121 quantam
978 3054 1060 3106 Gran.
1072 3062 1169 3122 quanta

91 3126 152 3176 ΡΣ)
168 3125 205 3189 ld
224 3125 272 3176 rati
284 3123 356 3175 ΡΣ)
376 3122 425 3174 rari
444 3122 474 3173 Ρ)
490 3121 526 3189 lli
544 3121 595 3174 inci
614 3127 689 3174 erunt
706 3122 746 3170 Σ)
761 3121 771 3188 Ι
784 3123 816 3172 ab
836 3136 885 3173 om.
904 3124 943 3172 Σ)
957 3121 967 3190 l
981 3125 997 3174 9
1009 3122 1105 3174 multos
1117 3125 1169 3187 Σ),

91 3209 142 3244 om.
161 3191 204 3259 Pll
215 3192 300 3244 bausit
317 3191 419 3242 llamma
436 3191 461 3241 P
476 3189 576 3241 llamma
597 3189 681 3240 bausit
694 3190 733 3238 Σ)
769 3190 795 3240 in
809 3190 879 3250 ΡΣ),
898 3204 948 3240 om.
965 3188 1171 3257 §Alschefrkr'l

92 3265 124 3314 10
142 3260 209 3312 alios
227 3260 269 3312 alii
287 3263 307 3324 ς
323 3259 367 3310 alii
385 3256 451 3310 alios
469 3257 530 3308 ΡΣ)
550 3257 693 3325 languetis
711 3257 735 3306 Ρ
780 3258 812 3309 12
830 3256 959 3308 relucentia
977 3271 1032 3308 rar.
1049 3273 1085 3307 aa
1100 3256 1171 3308 reln-

90 3330 168 3395 gente
186 3327 231 3396 Pl
243 3327 324 3395 primo
342 3327 366 3377 Ρ
385 3326 467 3394 primo
485 3341 544 3378 cnm
563 3327 602 3375 Σ)
623 3324 634 3393 l
655 3327 685 3379 13
704 3339 762 3376 cum
781 3323 809 3389 P,
827 3339 878 3375 om.
897 3325 935 3373 Σ)
950 3323 960 3390 l
975 3326 1006 3376 14
1024 3338 1108 3376 errore
1127 3324 1167 3374 Σ)

91 3405 187 3449 terrore
201 3396 240 3462 ΡΙ
254 3395 356 3448 credere
369 3399 395 3447 et
408 3396 446 3444 Σ)
459 3392 575 3446 crederet
587 3393 626 3460 Pa
636 3396 667 3446 16
680 3393 795 3444 contusis
807 3394 877 3443 coni.
889 3390 1048 3452 Bbmcnuel
1060 3395 1089 3446 l'l
1104 3391 1169 3444 nibil

90 3467 141 3528 Σ),
160 3479 211 3515 om.
227 3464 270 3530 ΡΙΙ
285 3466 316 3517 20
334 3461 463 3528 resugeret
481 3464 520 3512 Σ)
540 3462 657 3526 elugeret
674 3460 718 3529 ΡΙ
730 3462 762 3513 tt
782 3459 910 3512 neclectas
928 3461 969 3510 Σ)
990 3459 1104 3512 neclecta
1122 3459 1170 3528 ΡΙ

90 3535 180 3600 portas
192 3531 231 3580 Σ)
252 3537 340 3597 postas
357 3531 391 3581 Ρ)
409 3536 525 3596 potestas
542 3531 577 3582 Ρ)
592 3529 647 3598 i²3
665 3543 754 3629 sparsa
767 3530 805 3578 Σ)
826 3542 915 3596 sparso
927 3529 951 3579 P
965 3541 1054 3594 sparso
1071 3527 1169 3580 semine

90 3602 160 3652 coni.
173 3598 284 3664 Madvig
296 3599 356 3652 Em.
367 3598 426 3650 bio.
439 3599 489 3651 425
503 3597 513 3666 ΙΙ
525 3611 570 3664 per
588 3611 639 3651 om.
652 3598 680 3646 Σ
701 3597 711 3664 Ι
724 3599 757 3650 24
774 3611 881 3662 serpena
898 3610 950 3648 nno
965 3599 1071 3662 repenle
1083 3597 1168 3649 omnia

90 3683 141 3720 om.
160 3666 264 3732 Σ)1125
283 3665 452 3718 obstruebant
469 3665 580 3730 Madvig
598 3663 742 3717 obruebant
759 3666 784 3716 P
797 3665 934 3717 obruerant
952 3663 988 3713 Σ)
1006 3663 1016 3730 Ι
1034 3665 1065 3715 at
1085 3671 1168 3717 castra

89 3737 169 3787 Ρ)Σ)
189 3739 256 3787 astra
276 3733 308 3786 P¹
320 3733 329 3800 ΙΙ
343 3733 415 3786 clade
433 3733 470 3782 Σ)
488 3733 520 3785 de
538 3733 571 3784 P¹
589 3731 630 3784 die
643 3733 677 3783 Ρ)
692 3732 702 3799 fl
715 3737 740 3783 et
760 3734 809 3796 Σ),
827 3747 877 3784 om.
895 3731 937 3798 Pl
951 3732 982 3783 28
1002 3731 1115 3784 millibus
1128 3733 1168 3797 ΡΗ

90 3807 124 3856 29
143 3802 291 3856 semiermes
310 3803 343 3853 P²
359 3802 415 3870 llo
433 3801 465 3852 ad
483 3803 533 3864 Σ),
552 3815 604 3852 om.
621 3799 664 3865 Pl
677 3799 757 3851 millia
775 3801 797 3850 P
