2734 4250
92 167 216 213 ..canus
488 153 582 207 libuli
599 154 663 219 ltxl,
682 157 722 209 61.
734 157 767 208 62
1121 159 1161 217 59

92 325 181 386 batur.
220 323 341 404 triginta
364 324 426 386 dies
448 325 563 388 obsidio
586 325 655 400 luit,
683 345 739 406 per
760 343 836 404 quos
858 344 926 388 raro
948 345 1089 407 umquam
1112 331 1162 392 nix
1186 341 1214 393 to

92 410 182 470 minus
211 417 353 488 quattuor
374 409 464 490 pedes
485 409 542 472 alta
570 411 673 487 iacuit;
704 413 837 491 adeoque
865 412 982 492 pluteos
1002 431 1037 475 ac
1059 414 1163 478 uineas

92 494 288 556 homanorum
312 504 479 575 operuerat,
501 504 535 556 ut
550 513 583 558 ea
603 495 667 568 sola
682 497 802 575 ignibus
821 496 999 577 aliquotiens
1019 499 1162 563 coniectis

90 579 123 640 ab
143 579 229 640 hoste
252 580 340 641 etiam
362 588 561 642 tutamentum
582 581 681 643 luerit.
718 589 886 662 postremo,
916 601 983 645 cum
1006 584 1164 648 Amusicus
1185 594 1212 647 11

59 665 225 743 apriuceps
253 683 357 726 eorum
387 664 423 726 ad
446 664 658 727 Hasdrubalem
687 667 882 748 profugisset,
909 668 1017 748 uiginti
1045 671 1161 748 argenti

89 749 202 810 olentis
225 750 302 829 pacti
325 748 484 812 deduntur.
527 750 726 813 Tarraconem
755 752 786 812 in
807 751 934 813 hiberna
956 753 1083 815 reditum
1106 764 1159 817 est.

166 833 280 896 Romae
308 843 359 896 aut
388 835 466 896 circa
494 834 599 896 urbem
628 836 721 898 multa
748 854 782 897 ea
804 836 901 898 hieme
928 839 1062 918 prodigia
1084 841 1159 902 lacta
1174 846 1212 901 aa

86 927 141 993 ant,
164 919 246 998 quod
262 919 385 982 euenire
400 918 474 982 solet
489 921 577 983 motis
591 921 681 982 semel
698 921 727 982 in
745 921 919 1000 religionem
931 923 1046 997 animis,
1070 925 1161 986 multa

88 1004 218 1066 nuntiata
242 1012 273 1065 et
294 1012 405 1066 temere
434 1005 543 1066 credita
565 1015 652 1080 sunt,
681 1006 712 1067 in
740 1007 807 1086 quis
828 1007 991 1086 ingenuum
1014 1009 1161 1072 infantem
1183 1020 1198 1070 1

43 1097 65 1149 tt
83 1097 254 1151 semestrem
285 1089 314 1149 iu
345 1089 411 1151 loro
441 1089 559 1151 olitorio
588 1091 772 1172 triumphum
803 1092 959 1168 clamasse,
990 1094 1071 1155 etin
1095 1095 1197 1157 loroa

86 1174 186 1236 boario
209 1173 318 1235 bouem
341 1174 372 1235 in
396 1174 511 1236 tertiam
534 1176 788 1256 contignationem
801 1195 855 1238 sua
870 1187 977 1258 sponte
992 1178 1159 1242 escendisse

84 1269 168 1338 atque
198 1258 267 1320 inde
297 1259 424 1321 tumultu
452 1259 648 1322 habitatorum
682 1261 819 1323 territum
852 1279 917 1323 sese
944 1263 1102 1338 deiecisse,
1131 1274 1196 1326 ett

85 1345 204 1406 nauium
226 1344 356 1424 speciem
378 1344 414 1406 de
436 1345 517 1407 caelo
539 1345 707 1422 adfulsisse,
733 1355 764 1408 et
784 1346 886 1407 aedem
910 1348 993 1427 Spei,
1016 1366 1093 1428 quae
1115 1357 1160 1411 est

84 1431 111 1492 in
133 1431 201 1491 ioro
223 1427 351 1504 olitorio,
374 1429 497 1491 iulmine
519 1429 621 1507 ictam,
648 1439 677 1492 et
699 1431 815 1493 Lanuui
835 1431 948 1494 hastam
970 1450 1003 1494 se
1025 1451 1158 1495 commo·

37 1521 62 1573 ts
82 1516 157 1576 uisse
188 1523 219 1576 et
246 1531 371 1575 coruum
399 1515 431 1577 in
458 1514 560 1576 aedem
589 1514 714 1578 lunonis
741 1516 896 1578 deuolasse
924 1527 1012 1597 atque
1039 1518 1157 1598 inipso

83 1598 230 1680 puluinari
243 1599 421 1674 consedisse,
438 1609 468 1660 et
482 1599 511 1662 in
524 1618 596 1681 agro
608 1601 796 1662 Amiternino
809 1601 908 1664 multis
919 1602 992 1665 locis
1003 1603 1158 1664 hominum
1179 1614 1194 1663 5

81 1686 178 1765 specie
208 1683 314 1763 procul
342 1683 466 1746 candida
494 1693 577 1747 ueste
605 1686 687 1748 uisos
713 1704 770 1748 nec
796 1705 864 1748 cum
886 1687 947 1749 ullo
970 1705 1157 1767 congressos,

81 1779 108 1830 et
129 1772 160 1831 in
178 1769 292 1831 Piceno
314 1769 460 1849 lapidibus
480 1770 621 1850 pluuisse,
644 1779 673 1832 ot
694 1771 784 1833 Caere
806 1781 903 1834 sortes
924 1782 1105 1846 extenuatas,
1128 1782 1158 1834 ct

80 1855 108 1916 in
131 1854 224 1916 Gallia
255 1854 357 1934 lupum
386 1853 468 1933 uigili
496 1854 624 1934 gladium
653 1874 689 1917 ex
716 1857 823 1935 uagina
851 1865 968 1936 raptum
990 1858 1155 1921 abstulisse.

35 1946 59 1994 to
79 1939 115 2000 ob
145 1949 247 2002 cetera
275 1939 408 2020 prodigia
430 1939 522 2002 libros
550 1939 631 2002 adire
653 1940 815 2002 decemuiri
840 1941 926 2018 iussi3
956 1944 1036 2022 quod
1057 1953 1193 2005 autema

77 2024 224 2106 lapidibus
248 2024 391 2104 pluuisset
412 2024 442 2085 in
466 2024 593 2100 Piceno,
617 2025 804 2087 nouemdiale
825 2043 942 2088 sacrum
965 2028 1103 2102 edictum,
1127 2038 1156 2088 et

76 2109 204 2173 subinde
227 2109 291 2172 aliis
313 2110 509 2190 procurandis
531 2129 625 2191 prope
645 2120 706 2174 tota
728 2111 833 2174 ciuitas
854 2120 974 2192 operata
996 2113 1060 2175 luit.
1097 2114 1155 2175 iam
1178 2124 1193 2173 t

76 2197 207 2276 primum
237 2197 371 2256 omnium
393 2194 466 2257 urbs
487 2196 608 2259 lustrata
631 2205 675 2258 est
703 2196 876 2277 hostiaeque
898 2198 1025 2260 maiores
1047 2199 1155 2279 quibus

76 2282 189 2343 editum
213 2288 259 2342 est
280 2280 336 2342 diis
357 2298 476 2354 caesae,
504 2290 534 2342 et
555 2281 666 2343 donum
695 2300 731 2343 ax
752 2283 817 2343 auri
839 2281 941 2362 pondo
963 2282 1192 2362 quadragintas

35 2370 57 2422 b
75 2365 247 2428 lanuuium
271 2364 379 2427 lunoni
401 2374 551 2446 portatum
574 2374 633 2439 est,
662 2374 693 2428 et
713 2368 833 2447 siguum
854 2383 979 2428 aeneum
1001 2376 1155 2429 matronae

75 2451 187 2513 lunoni
209 2449 242 2511 in
264 2452 414 2512 Auentino
436 2450 667 2527 dedicauerunt,
693 2460 724 2513 et
745 2450 959 2513 lectisternium
981 2453 1080 2527 Caere,
1103 2451 1155 2514 ubi

75 2546 171 2598 sortes
194 2536 370 2597 adtenuatae
392 2544 487 2611 erant,
509 2536 684 2616 imperatum
709 2544 739 2597 et
760 2536 935 2616 supphcatio
951 2536 1101 2599 Fortunae
1123 2539 1154 2599 in

75 2622 199 2700 Algido;
222 2620 335 2681 Romae
350 2638 471 2700 quoque
487 2628 515 2682 et
538 2621 754 2684 lectisternium
769 2620 917 2683 luuentati
936 2630 966 2683 et
979 2622 1155 2703 supplicatio
1177 2629 1193 2680 9

76 2707 111 2767 ad
134 2706 240 2768 aedem
263 2704 400 2768 llerculis
424 2706 617 2780 nominatim,
646 2706 754 2768 deinde
776 2706 919 2768 uniuerso
942 2707 1054 2787 populo
1077 2707 1156 2769 circa

35 2794 56 2845 a
75 2792 174 2853 omnia
198 2790 366 2872 puluinaria
382 2790 499 2865 indicta,
522 2800 552 2853 et
565 2790 660 2854 Genio
676 2792 804 2853 maiores
818 2791 930 2854 hostiae
944 2810 1047 2855 caesae
1066 2793 1154 2872 quin·

77 2894 149 2954 que,
182 2884 211 2937 et
233 2876 265 2937 C.
282 2875 387 2937 Atilius
409 2875 557 2939 Serranus
579 2885 700 2958 praetor
722 2884 792 2939 nota
813 2876 965 2957 suscipere
986 2878 1101 2951 iussus,
1130 2879 1154 2940 si
1178 2886 1207 2938 to

162 3078 178 3129 3
196 3074 267 3128 solas
285 3075 329 3142 ΡΙ
340 3076 463 3129 conlectis
482 3074 519 3127 Ρ*
543 3076 711 3145 coniectisltis
729 3076 788 3145 ΡἸ
806 3081 822 3129 l
840 3077 968 3130 amusiciis
986 3078 1034 3145 ΡΙΙ
1053 3082 1067 3131 5
1086 3077 1117 3130 ad
1135 3083 1154 3144 ς

81 3142 109 3193 ab
127 3145 168 3209 ΡΙ
182 3146 198 3195 b
216 3141 344 3195 deduntur
357 3146 378 3207 ς
404 3142 563 3197 deducuntur
576 3143 617 3212 ΡΙΙ
631 3146 806 3198 tanhaconam
819 3146 860 3213 ΡΙ
875 3149 888 3197 'l
907 3144 1013 3198 multam
1026 3146 1051 3197 Ρ
1082 3148 1097 3199 8
1115 3161 1154 3197 re·

81 3210 179 3273 gisum
197 3210 239 3279 Pfl
254 3214 286 3264 10
305 3210 441 3264 clamasset
458 3216 485 3264 et
502 3212 545 3280 ΡΙΙ
558 3213 583 3264 in
601 3218 628 3278 ς,
646 3230 697 3265 oin.
713 3214 737 3265 P
759 3228 774 3266 a
792 3213 995 3280 mebacbarfl
1010 3216 1040 3267 11
1095 3214 1154 3266 bem

81 3278 119 3343 Pii
133 3281 164 3331 12
182 3278 241 3346 adq.
253 3277 313 3331 inde
331 3278 467 3332 tumultum
487 3280 529 3347 ΡΙΙ
544 3283 575 3334 ll
593 3281 714 3334 holitorio
726 3281 768 3349 ΡΙ
781 3281 880 3334 hastam
893 3280 1041 3333 Sabellicus
1068 3280 1154 3333 hostii

84 3346 119 3411 Pi
133 3349 164 3400 15
183 3345 242 3414 adq.
260 3346 303 3414 ΡΙ
319 3350 350 3401 16
367 3346 512 3413 puluinaria
529 3348 572 3415 Pl
587 3352 616 3402 11
636 3349 738 3417 specius
757 3386 783 3401 ..
798 3386 805 3401 .
823 3349 892 3401 uisas
910 3353 941 3413 ς,
962 3348 1032 3399 Mam
1050 3352 1076 3398 at
1094 3364 1155 3401 con-

82 3426 178 3476 gressas
190 3418 338 3481 praecunia
349 3414 477 3481 liupertio
494 3415 602 3468 Waaaub
656 3436 667 3480 ,·
683 3418 793 3469 aidataw
809 3417 978 3468 scribendum
992 3416 1093 3483 species
1107 3459 1112 3471 .
1126 3453 1153 3470 ..

84 3481 147 3533 uisas
164 3496 212 3535 nec
230 3498 289 3536 cum
307 3482 361 3535 ullo
379 3496 425 3536 aas
442 3482 619 3551 congressos!
648 3483 724 3552 cnm>
746 3484 854 3537 candida
875 3488 948 3538 neate
969 3484 1154 3552 immergi

84 3548 132 3601 allo
149 3554 169 3615 ς
194 3550 255 3603 illos
272 3549 316 3618 ΡΠ
330 3552 360 3604 18
378 3555 531 3605 extenuatae
548 3552 590 3671 qul
604 3554 636 3606 10
658 3551 809 3606 decemuiris
827 3552 868 3619 1³¹,
886 3568 956 3604 corr.
974 3552 1008 3603 Ρ1
1043 3553 1076 3606 23
1093 3553 1154 3606 urbs

86 3620 102 3677 ς
125 3618 258 3671 maure
285 3618 351 3671 ursis
363 3618 552 3739 lullum
596 3621 652 3688 115
664 3621 786 3686 iunoni&
811 3624 838 3672 et
854 3620 979 3673 innoniP
1002 3635 1016 3671 a
1052 3621 1154 3673 iunonis

87 3682 161 3737 Gran.
173 3687 184 3753 Ι
196 3687 230 3739 to
248 3686 386 3739 aduentino
432 3688 442 3755 l
455 3688 636 3741 dedicauernnt
647 3689 759 3755 Lipsius
784 3686 950 3741 edicaucaunt
963 3688 995 3738 Ρ1
1019 3686 1154 3740 ediflcaue·

86 3760 137 3803 mut
155 3754 215 3821 P'l
234 3756 264 3807 21
286 3759 341 3809 ctat
358 3756 383 3806 Ρ
398 3754 407 3823 q
424 3758 456 3809 28
478 3756 605 3809 iuuentuti
629 3761 648 3822 ς
672 3757 796 3822 Madvig,
818 3756 866 3808 aad
889 3755 925 3818 cf.
944 3754 1106 3820 Marqaardt
1124 3755 1154 3805 ll.

86 3818 250 3876 Staatsaerw.
270 3823 522 3890 11117ο13631130
542 3830 566 3875 u·
587 3826 611 3875 P
