2734 4250
195 140 255 199 148
577 137 671 191 LIBER
689 137 775 203 XXlll,
794 140 832 193 18.
849 141 879 191 19
1138 166 1160 198 a.
1170 166 1193 199 u.
1203 156 1266 199 1111

94 341 96 344 v
193 323 227 373 ut
249 330 284 373 ex
307 319 386 372 tanta
415 310 560 390 paucitate
590 310 762 371 interfectis.
807 309 907 389 plures
935 308 1128 381 cecidissent,
1159 308 1190 371 ni
1214 330 1266 371 nox

157 412 172 460 't
193 396 307 479 proelio
324 395 542 456 interuenisset.
579 403 699 474 postero
718 394 763 455 die
778 395 910 455 omnium
926 394 1018 454 animi
1040 394 1075 454 ad
1091 413 1266 474 oppugnan·
1346 398 1347 401 ’

193 484 262 544 dum
285 481 498 553 accenduntur,
522 480 625 559 utique
646 487 803 558 postquam
827 497 937 541 corona
960 498 1047 540 aurea
1063 480 1186 541 muralis
1201 499 1266 559 pro-

193 567 288 649 posita
318 575 375 638 est,
403 575 491 643 atque
520 563 583 644 ipse
611 564 670 625 dux
701 564 811 625 castelli
838 565 925 644 plano
948 565 1014 626 loco
1038 566 1127 645 positi
1148 584 1266 643 segnem

194 650 446 732 oppugnationem
464 649 587 727 Sagunti
605 649 858 729 expugnatoribus
874 650 1080 728 exprobrabat,
1103 649 1269 709 Cannarum
1291 660 1303 707 ⁵

195 735 451 814 Trasumennique
480 742 510 795 et
538 732 662 795 Trebiae
693 733 826 813 singulos
855 735 1018 795 admonens
1046 733 1268 813 uniuersosque.

158 833 173 883 8
195 821 264 883 inde
286 820 392 881 uineae
414 838 532 898 quoque
555 827 678 899 coeptae
708 817 754 897 agi
782 818 981 895 cubiculique.
1025 836 1082 878 nec
1109 818 1145 878 ad
1174 820 1270 881 uarios

196 913 321 966 conatus
342 904 469 965 bostium
491 913 542 964 aut
564 903 608 964 uis
630 903 688 964 ulla
712 911 762 963 aut
783 920 830 963 ars
852 904 952 962 deerat
966 900 1002 962 ab
1020 902 1107 963 sociis
1122 903 1270 964 Romano-

159 1000 278 1051 erum:
302 988 523 1067 propugnacula
545 986 688 1050 aduersus
710 988 813 1048 uineas
833 994 971 1061 statuere,
995 988 1172 1049 transuersis
1185 989 1270 1049 cuni·

197 1074 271 1134 culis
299 1073 426 1133 bostium
456 1072 611 1134 cuniculos
640 1072 792 1150 excipere,
821 1080 850 1131 et
877 1072 971 1152 palam
1000 1080 1030 1132 et
1056 1072 1132 1133 clam
1160 1073 1273 1153 coeptis
1296 1084 1315 1133 11

197 1157 314 1219 obuiam
337 1156 390 1230 irc,
413 1157 509 1217 donec
524 1157 620 1235 pudor
641 1156 728 1217 etiam
744 1155 941 1217 Hannibalem
962 1154 998 1216 ab
1021 1156 1141 1236 incepto
1156 1160 1272 1231 auertit,
1345 1220 1350 1234 ,

196 1242 359 1321 castrisque
381 1240 571 1303 communitis
592 1259 626 1301 ae
641 1240 787 1320 praesidio
803 1241 919 1302 modico
942 1241 1080 1321 inposito,
1104 1260 1143 1303 ne
1167 1244 1273 1305 omissa
1346 1238 1347 1241 ’

196 1346 244 1389 res
266 1327 426 1398 uideretur,
450 1326 480 1385 in
502 1325 625 1386 hiberna
648 1325 779 1404 Capuam
802 1326 958 1387 concessit.

146 1423 174 1473 10
279 1411 324 1472 lbi
352 1419 466 1491 partem
496 1410 637 1470 maiorem
666 1410 771 1471 hiemis
800 1410 961 1471 exercitum
989 1410 1019 1469 in
1048 1411 1134 1472 tectis
1164 1412 1272 1483 babuit,

196 1498 338 1558 aduersus
367 1494 467 1556 omnia
495 1495 621 1555 bumana
650 1494 725 1555 mala
753 1513 840 1575 saepe
869 1514 902 1555 ac
932 1496 980 1556 diu
1002 1494 1157 1567 duratum,
1187 1496 1316 1557 1111111

147 1592 174 1643 11
196 1584 384 1659 inexpertum
406 1589 494 1657 atque
516 1581 677 1640 insuetum.
722 1580 836 1658 itaque,
865 1598 940 1658 quos
963 1578 1042 1641 nulla
1069 1580 1137 1641 mali
1160 1582 1274 1642 uicerat

148 1656 153 1664 ’
196 1666 253 1738 uis,
276 1664 430 1743 perdidere
447 1664 535 1725 nimia
551 1663 629 1724 bona
645 1682 679 1725 ac
695 1664 863 1743 uoluptates
878 1664 1052 1737 inmodicae,
1069 1674 1099 1725 et
1114 1684 1149 1727 eo
1166 1666 1275 1745 inpen-

147 1760 175 1812 11
196 1751 273 1822 sius,
297 1767 356 1827 quo
379 1748 493 1809 auidius
514 1767 550 1809 11
571 1749 729 1810 insolentia
752 1750 782 1810 in
806 1767 854 1810 eas
876 1767 908 1810 se
932 1758 1104 1811 merserant.
1150 1768 1275 1811 somnus

198 1836 278 1895 enim
301 1841 331 1893 ct
345 1832 448 1895 uinum
470 1842 500 1895 et
514 1834 617 1915 epulae
638 1842 668 1895 et
683 1843 780 1895 scorta
801 1833 977 1913 balineaque
993 1842 1022 1895 et
1036 1834 1129 1895 otium
1144 1853 1274 1897 consue·

198 1918 300 1979 tudine
323 1918 353 1977 in
377 1918 439 1979 dies
461 1918 598 1980 blandius
628 1919 667 1979 ita
690 1929 912 1980 eneruauerunt
942 1936 1068 1999 corpora
1088 1920 1276 1999 animosque,
1296 1931 1319 1981 tt

198 2012 232 2064 ut
252 2003 345 2079 magis
360 2003 466 2063 deinde
481 2003 655 2081 praeteritae
674 2002 815 2064 uictoriae
838 2023 889 2065 eos
904 2022 991 2083 quam
1008 2014 1182 2082 praesentes
1198 2014 1276 2065 tuta·

147 2098 175 2150 lt
196 2095 301 2149 rentur
322 2087 412 2161 uires,
434 2089 586 2167 maiusque
609 2088 638 2149 id
660 2097 815 2167 peccatum
837 2088 921 2150 ducis
943 2097 1015 2169 aput
1031 2087 1144 2168 peritos
1167 2088 1274 2150 artium
1342 2111 1347 2172 ἡ

197 2172 366 2234 militarium
383 2172 551 2245 haberetur,
566 2191 655 2251 quam
671 2174 750 2252 quod
766 2193 826 2234 non
843 2192 878 2234 ex
894 2173 1043 2235 Cannensi
1056 2173 1119 2234 acie
1134 2175 1276 2252 protinus
1349 2205 1350 2246 t

197 2257 233 2319 ad
263 2257 367 2318 urbem
397 2257 559 2319 Romanam
586 2257 732 2332 duxisset;
762 2258 809 2318 illa
837 2258 917 2319 enim
946 2258 1096 2320 cunctatio
1125 2258 1276 2320 distulisse

198 2343 285 2403 modo
301 2343 456 2404 uictoriam
478 2341 572 2403 uideri
587 2343 692 2420 potuit,
717 2341 764 2403 bic
787 2361 871 2403 error
889 2343 969 2404 uires
990 2343 1132 2404 ademisse
1155 2342 1277 2406 111111-
1297 2352 1320 2401 23
1347 2411 1348 2416 η

147 2438 176 2488 14
197 2428 335 2488 cendum.
379 2427 477 2506 itaque
499 2427 630 2500 hercule,
660 2426 743 2488 uelut
764 2428 787 2488 si
810 2445 879 2488 cum
901 2428 958 2488 alio
981 2427 1112 2488 exercitu
1133 2445 1150 2488 a
1173 2428 1275 2507 Capua

147 2519 175 2572 15
196 2513 297 2584 exiret,
320 2511 393 2572 nibil
408 2528 532 2589 usquam
553 2511 696 2590 pristinae
711 2512 882 2591 disciplinae
900 2513 1004 2574 tenuit.
1042 2530 1111 2573 nam
1132 2522 1164 2573 et
1178 2513 1275 2574 redie-
1349 2547 1350 2550 ¹

198 2604 269 2656 runt
282 2596 417 2674 plerique
432 2597 536 2657 scortis
548 2596 682 2676 inpliciti,
700 2605 738 2672 et,
755 2596 805 2657 ubi
821 2598 950 2676 primum
962 2595 1018 2659 sub
1034 2596 1161 2676 pellibus
1172 2598 1274 2658 baberi

197 2679 296 2758 coepti
317 2689 404 2754 sunt,
431 2680 539 2759 uiaque
561 2688 591 2741 et
618 2681 693 2741 alius
715 2681 847 2742 militaris
869 2681 953 2743 labor
980 2682 1112 2760 excepit,
1142 2681 1274 2743 tironum

147 2775 176 2826 to
196 2765 285 2825 modo
308 2763 484 2844 corporibus
513 2765 678 2844 animisque
700 2765 893 2838 deficiebant,
923 2775 953 2828 et
975 2767 1080 2828 deinde
1110 2775 1323 2845 peromnem

198 2848 377 2910 aestiuorum
407 2857 524 2930 tempus
553 2867 658 2930 magna
687 2869 756 2929 pars
783 2850 847 2912 sine
875 2849 1088 2912 commeatibus
1115 2848 1152 2910 ab
1182 2851 1275 2929 signis

197 2931 418 3006 dilabebantur,
448 2952 545 3014 neque
575 2935 647 2995 aliae
677 2934 806 2996 latebrae
835 2953 921 3014 quam
946 2937 1044 3015 Capua
1072 2935 1276 2996 desertoribus

199 3027 293 3078 eraut.

147 3107 182 3162 te
284 3101 420 3163 Ceterum
442 3102 615 3164 mitescente
641 3103 697 3163 iam
721 3103 816 3163 bieme
839 3103 945 3164 educto
967 3122 1002 3164 ex
1025 3102 1159 3166 bibernis
1181 3103 1273 3165 milite

161 3197 176 3247 t
198 3186 355 3248 Casilinum
371 3185 456 3259 redit,
472 3185 532 3260 nbi,
555 3205 734 3266 quamquam
748 3187 785 3248 ab
801 3187 1024 3268 oppugnatione
1040 3196 1187 3250 cessatum
1202 3197 1274 3262 erat,
1298 3195 1328 3243 ss

198 3271 312 3333 obsidio
335 3279 432 3332 tamen
457 3272 598 3333 continua
624 3270 789 3352 oppidanos
818 3271 1057 3352 praesidiumque
1080 3272 1116 3333 ad
1139 3273 1274 3336 ultimum

284 3457 297 3507 1
317 3451 487 3505 caecidissent
498 3453 541 3519 ΡΙ
554 3468 603 3505 nox
617 3453 648 3504 Ρ
675 3469 735 3506 mox
746 3455 779 3508 Ρί
792 3454 801 3521 Ι
815 3458 829 3509 3
843 3454 1002 3521 propositast
1014 3455 1055 3521 ΡΙΙ
1069 3459 1083 3508 5
1102 3456 1273 3522 exprobrabat

197 3537 233 3600 aa·
255 3536 321 3639 supp
342 3521 472 3640 natiqnem
485 3521 665 3640 ..⁸¹⁸⁰¹¹¹.³'⁸l³⁸1}
691 3522 753 3640 lump
774 3522 1063 3641 ⁶1t9h¹⁸⁸yff¹e¹gffpu
1085 3524 1218 3640 ’11111111
1240 3521 1275 3573 Ρ

198 3602 289 3722 tuit.
308 3591 400 3719 1111
413 3603 711 3723 ..1111111111
728 3605 772 3709 12²1·
787 3604 1128 3724 ...ttlttttdt‘l
1149 3589 1275 3710 litu

199 3723 240 3788 Pu
253 3724 286 3774 tt
298 3737 375 3774 manu
408 3737 440 3774 ue
452 3723 495 3790 Pl
508 3726 539 3776 tt
558 3723 699 3791 disciplinae
711 3725 746 3776 P·
772 3723 975 3790 1111111111εεὶἰ
989 3724 1183 3790 procerarum,
1202 3738 1275 3775 corr.

199 3789 232 3839 1³²
243 3788 253 3855 Ι
266 3791 298 3841 te
316 3803 397 3855 suppo
419 3790 477 3842 ibus
495 3791 538 3857 ΡΙ
550 3793 582 3842 11
601 3791 731 3843 casilinum
750 3792 789 3855 1³¹,
808 3806 877 3843 corr.
896 3791 931 3843 P'
943 3791 953 3859 ll
965 3792 1041 3844 rediit
1059 3797 1079 3855 ς
