2734 4250
111 87 133 120 ι,
147 76 198 120 ειη,
212 78 252 119 ιω
514 60 608 114 IIBIIR
624 60 733 128 XXVIII,
752 61 784 114 30
1127 59 1187 120 167

110 233 255 311 Magonis,
278 233 384 295 missus
398 251 415 293 a
430 233 560 295 Gadibus
582 251 649 294 eum
666 252 757 313 parua
772 251 864 294 manu
878 234 1027 308 Afrorum,
1051 235 1188 296 mercede
1236 249 1240 256 “

110 318 259 398 llispanos
279 317 464 379 sollicitando
479 318 514 379 ad
532 327 671 397 quattuor
692 319 771 380 milia
793 319 937 380 iuuenum
960 319 1094 380 armauit.
1139 338 1188 381 ca·
1211 328 1227 380 1

109 405 179 465 stris
194 401 301 464 deinde
322 414 428 466 exutus
450 402 488 463 ab
509 402 543 463 L.
560 404 679 478 blaceio,
702 404 828 465 maxiem
850 412 933 484 parte
956 403 1081 466 militum
1110 403 1189 467 inter

108 488 269 551 tumultum
284 497 439 568 captorum
455 497 631 562 castrorum,
654 488 830 568 quibusdam
853 488 939 550 etiam
961 489 992 550 in
1009 489 1078 568 luga
1100 490 1187 553 amis·

70 584 86 633 5
106 574 157 648 sis,
179 573 293 654 palatos
313 582 514 653 persequente
536 573 645 652 equite,
669 591 736 634 cum
758 575 860 654 paucis
882 574 944 654 ipse
967 573 1079 652 elingit.

194 658 271 720 llum
298 658 371 720 haec
393 659 428 720 ad
451 657 563 720 Baetim
591 659 715 720 douium
738 668 900 737 geruntur,
929 658 1045 722 Laelius
1067 659 1224 721 interime

108 744 185 805 freto
215 743 245 804 in
269 744 422 804 Oceanum
444 753 567 806 euectus
588 744 623 804 ad
649 743 793 805 Carteiam
816 743 909 806 classe
935 744 1069 806 accessit.
1114 744 1188 806 urbs

108 847 142 890 ea
165 829 197 890 in
220 847 273 890 era
295 828 408 889 Oceani
436 828 491 890 sita
518 838 579 903 est,
608 827 659 889 ubi
691 828 821 909 primum
848 847 864 890 e
892 828 1027 890 saucibus
1054 831 1187 908 angustis

108 913 249 994 panditur
269 931 361 974 mare.
406 912 494 975 Gadis
520 914 586 974 sine
608 914 770 975 certamine
799 931 854 993 per
883 913 1081 993 proditionem
1111 915 1225 976 reci-4

56 1008 85 1060 10
107 998 218 1079 piendi,
241 997 319 1060 ultro
335 999 386 1077 qui
406 1017 469 1060 eam
492 1017 555 1059 rem
578 999 790 1078 pollicerentur
813 999 843 1060 in
867 1007 960 1060 cestra
977 999 1110 1060 Romana
1132 1018 1185 1062 ue-

108 1083 277 1156 nientibus,
306 1101 390 1163 spes,
416 1082 495 1145 sieut
516 1092 585 1145 ante
606 1083 718 1144 dietum
740 1093 793 1159 est,
817 1085 920 1145 luerat
964 1084 1015 1146 sed
1042 1085 1186 1163 patefacta

10 1232 11 1245 ,
108 1170 255 1231 inmatura
277 1167 406 1247 proditio
428 1177 489 1242 est,
518 1186 764 1248 conprensosque
793 1169 890 1230 omnis
913 1169 998 1248 blago
1027 1168 1185 1230 Adherbali

10 1276 11 1317 t
108 1253 238 1334 praetori
261 1252 468 1331 Carthaginem
495 1253 686 1316 deuehendos
708 1253 804 1315 tradit.
848 1253 996 1315 Adherbal
1024 1253 1222 1316 coniuratiso

10 1345 11 1381 f
108 1340 138 1399 in
159 1338 406 1418 quinqueremem
428 1338 565 1418 inpositis
587 1338 807 1418 praemissaque
821 1355 865 1412 ea,
888 1338 956 1417 quia
971 1337 1083 1400 tardior
1097 1356 1186 1417 quam

10 1396 11 1489 I
56 1432 85 1486 te
108 1423 236 1486 triremis
257 1432 335 1498 erat,
356 1424 420 1502 ipse
443 1441 511 1484 cum
534 1433 602 1484 octo
624 1423 797 1486 triremibus
820 1424 936 1484 medico
959 1423 1116 1485 interuallo
1137 1443 1184 1485 se·

10 1502 11 1539 ³
109 1509 221 1587 quitur.
270 1509 326 1570 iam
357 1509 466 1569 fretum
494 1507 623 1569 intrabat
650 1508 890 1587 quinqueremis,
920 1526 987 1570 cum
1010 1508 1127 1570 Laelius
1156 1517 1220 1570 ete

10 1624 11 1633 ι
108 1594 170 1673 ipse
192 1593 224 1655 in
247 1593 455 1672 quinqueremi
477 1613 494 1654 e
515 1601 605 1673 portu
627 1592 758 1654 Carteiae
780 1593 974 1671 sequentibus
996 1600 1109 1673 septem
1133 1593 1185 1655 tri-

108 1678 239 1740 remibus
261 1687 383 1740 euectus
404 1678 436 1739 in
459 1677 655 1740 Adherbalem
677 1695 712 1738 ac
734 1678 870 1740 triremes
900 1678 1067 1750 inuehitur,
1097 1678 1186 1757 quin-

109 1780 280 1842 queremem
294 1761 364 1824 satis
379 1763 504 1824 credens
518 1762 695 1844 deprensam
710 1763 813 1844 rapido
828 1763 858 1824 in
875 1763 951 1824 lreto
974 1763 1004 1824 in
1027 1763 1184 1826 aduersum

55 1859 86 1912 fl)
108 1857 222 1910 aestum
238 1847 417 1928 reciprocari
433 1866 495 1910 uon
512 1866 609 1927 posse.
655 1848 774 1910 Poenus
798 1848 829 1910 iu
851 1865 885 1909 re
908 1848 1003 1910 subita
1026 1866 1187 1930 parumper
1207 1861 1222 1912 t

108 1934 242 1995 incertus
262 1932 437 2013 trepidauit,
464 1940 565 1994 utrum
593 1933 839 2012 quinqueremem
867 1941 1058 2012 sequeretur,
1086 1952 1124 1995 an
1153 1934 1184 1996 in

108 2019 201 2080 bostis
214 2027 311 2081 restra
326 2026 525 2080 conuerteret
548 2017 613 2098 ipsa
626 2018 777 2079 cunemtie
793 2018 962 2080 facultatem
979 2018 1184 2080 detractandae
1208 2028 1223 2080 8

107 2121 226 2185 pugnae
248 2103 371 2178 ademit;
394 2103 450 2164 iam
473 2103 553 2165 enirn
575 2101 631 2165 sub
653 2103 715 2165 ictu
739 2101 789 2164 teli
811 2110 905 2177 erant,
928 2111 958 2163 et
981 2102 1113 2182 undique
1139 2104 1186 2165 in·

107 2187 227 2251 stabant
240 2189 358 2265 bostes;
380 2197 479 2251 aestus
500 2207 620 2268 queque
642 2187 796 2250 arbitrium
820 2187 992 2249 moderandi
1015 2205 1107 2250 naues
1133 2188 1185 2249 ad·

52 2285 83 2337 25
107 2283 228 2335 emerat.
273 2292 372 2353 neque
399 2281 463 2335 erat
491 2273 589 2335 nauali
616 2290 718 2352 pugna
740 2272 857 2347 similis,
889 2272 1001 2351 quippe
1030 2272 1081 2333 ubi
1110 2272 1185 2334 nihil

109 2358 327 2432 uoluntarium,
356 2358 430 2420 nibil
451 2359 523 2421 artis
543 2365 595 2421 aut
615 2357 732 2419 consilii
762 2365 848 2419 esset.
893 2374 953 2419 uua
982 2364 1087 2418 nature
1116 2356 1222 2428 iretis

107 2455 267 2524 aestusque
281 2443 372 2506 totius
386 2444 556 2505 certaminis
577 2451 685 2522 potens
707 2442 777 2517 suis,
800 2442 903 2503 alienis
925 2441 1052 2505 nauibus
1080 2441 1186 2522 nequi-

108 2548 196 2609 quam
212 2530 335 2608 remigio
351 2528 382 2589 in
398 2529 582 2591 contrarium
596 2527 747 2589 tendentis
768 2525 938 2602 inuehebat,
962 2535 995 2588 ut
1022 2526 1186 2606 lugientem

109 2632 217 2678 nauem
240 2614 357 2676 uideres
383 2614 496 2675 uertice
525 2623 605 2675 retro
634 2614 775 2674 Intortam
805 2610 968 2675 uictoribus
990 2612 1128 2688 inlatam,
1157 2621 1188 2673 et

54 2711 84 2761 ab
105 2707 293 2779 sequentem,
314 2698 339 2760 si
354 2699 383 2760 in
401 2698 582 2761 contrarium
603 2706 731 2760 tractum
747 2698 899 2761 incidisset
919 2697 1019 2771 maris,
1045 2696 1187 2777 fugientis

179 2852 194 2903 1
212 2848 330 2916 magonis
346 2850 370 2900 P
384 2864 398 2900 a
415 2862 525 2915 magone
543 2848 580 2899 Σ*
592 2847 603 2917 l
615 2863 692 2901 nanu
705 2864 756 2901 om.
768 2846 848 2916 llll
862 2847 1039 2900 sollicitandos
1051 2844 1114 2914 Pll
1127 2862 1186 2914 cap·

109 2926 194 2970 torum
213 2933 263 2969 ora
282 2916 345 2985 ΣῚ
364 2916 451 2983 lugam
475 2934 511 2969 ere
534 2931 628 2984 pugeur
652 2916 736 3036 Ple
761 2915 1047 2985 persequentemeqolte
1065 2914 1108 2983 Pl
1121 2914 1187 2982 lugil

110 2987 197 3053 ΣῚἹ
222 2984 342 3037 certeiem
360 2986 385 3034 P
398 2986 512 3038 earitlam
531 2984 571 3034 >P
588 2984 598 3051 l
614 3000 676 3051 urps
731 2984 741 3052 l
761 2987 776 3037 9
800 2999 845 3053 per
886 2982 1040 3037 reditIenem
1059 2983 1187 3049 Sigom'ur

109 3069 156 3122 per
173 3053 297 3107 didonem
314 3052 371 3105 2¹2
389 3068 435 3121 per
452 3052 607 3106 deditiquem
621 3052 679 3103 ΡΣ1
696 3051 841 3118 proditIone
881 3054 1002 3103 herenee
1015 3052 1025 3116 l
1039 3054 1069 3104 11
1082 3050 1126 3103 sed
1140 3049 1186 3115 ΞΡ,

109 3138 162 3174 om.
174 3121 218 3188 Pl
232 3124 263 3177 13
280 3119 384 3173 aderbal
397 3120 435 3187 Pl
445 3124 477 3176 14
488 3121 698 3189 quinqueremem
713 3121 741 3186 P,
759 3120 829 3171 duae
839 3120 950 3171 emmae
968 3121 1075 3170 la'tteree
1087 3117 1187 3169 lineola

108 3190 238 3241 indicetne
264 3190 312 3240 eed
327 3206 383 3241 ree.
400 3191 542 3241 restitutae
557 3193 634 3255 mot,
657 3187 834 3256 quiuqneremi
852 3186 891 3238 Σ*
904 3185 914 3251 ΙΙ
927 3189 958 3239 15
983 3185 1099 3238 triremes
1117 3187 1188 3237 oeni.

109 3256 223 3323 uadem
234 3255 326 3324 prees.
343 3258 383 3309 ed
404 3258 415 3326 Ι
434 3259 466 3310 lb
483 3257 560 3309 lelius
577 3257 621 3325 Pl
641 3260 671 3308 ll
691 3270 706 3307 e
723 3256 769 3320 ΣΙ,
793 3270 843 3306 om.
862 3254 908 3322 Pl
927 3252 1043 3319 carpeiae
1061 3253 1085 3302 P
1099 3252 1188 3304 carilie

109 3324 171 3392 ΣἾ
186 3328 218 3379 18
236 3325 355 3377 aderbale
367 3324 408 3393 Pl
439 3341 470 3377 ac
487 3326 603 3377 triremes
615 3324 661 3387 2³,
679 3339 729 3376 oue
747 3322 788 3390 Pl
801 3323 998 3390 quinqueremes
1011 3320 1053 3387 Pl
1066 3322 1095 3373 et
1111 3320 1188 3387 trepi-

111 3394 182 3446 dauit
199 3394 225 3445 P
238 3392 382 3460 trepidabat
400 3393 437 3443 Σ*
449 3394 459 3461 l
471 3394 498 3444 ln
515 3391 563 3458 2⁸,
581 3408 630 3445 em.
649 3394 673 3445 P
688 3391 738 3458 I²²
756 3388 937 3442 detractandae
953 3388 991 3439 ΣΙ
1008 3387 1188 3441 detrectandae

111 3463 153 3529 Pl
165 3463 199 3515 23
217 3460 313 3513 ademit
330 3461 369 3512 2³
385 3462 480 3514 adiecil
496 3462 538 3529 Pl
552 3461 596 3513 teli
615 3460 648 3513 1³
705 3459 748 3511 teb
760 3459 792 3510 P¹
804 3458 815 3525 l
827 3460 861 3511 24
875 3461 974 3511 aestum
987 3456 1020 3509 1³¹
1037 3460 1121 3509 actum
1134 3454 1187 3523 Pll

113 3531 144 3584 25
181 3544 248 3596 egea
265 3530 382 3582 Froben.
401 3530 468 3582 1531
486 3543 587 3595 pugnae
607 3528 680 3591 1²25·
698 3526 757 3579 eolt
775 3526 818 3592 30,
836 3526 877 3591 10,
896 3526 1187 3591 reponendarum

112 3544 232 3666 adbel
246 3600 279 3650 26
298 3612 346 3649 nna
365 3597 402 3647 2¹
420 3614 437 3649 ιι
455 3598 487 3648 Ρ1
504 3602 533 3649 ut
550 3596 584 3648 Ρ1
599 3596 609 3662 l
627 3596 686 3649 lretl
704 3594 776 3647 ΡΨ
796 3594 871 3647 tretia
889 3593 921 3646 P¹
940 3594 994 3661 I²I
1014 3598 1124 3661 pentens
1141 3593 1189 3660 Pl

112 3667 165 3718 suis
182 3667 206 3719 P
221 3667 266 3786 alp
279 3664 385 3783 Pyd
403 3669 432 3717 ut
450 3665 490 3716 2³
506 3671 533 3718 et
551 3665 593 3732 Pl
606 3667 639 3718 29
656 3664 777 3717 intortam
795 3662 834 3714 Σ·
851 3664 977 3730 leportam
992 3661 1034 3729 Pl
1047 3661 1189 3714 uletoribus

111 3735 136 3786 P
149 3734 247 3789 uictrici
268 3748 298 3786 us
