2734 4250
202 144 242 205 50
585 143 679 199 uene
696 144 786 211 XXVI,
802 148 844 199 41.
863 147 897 198 ⁴2
1131 172 1152 207 ι,
1166 173 1190 207 u,
1204 173 1224 207 ο,
1240 164 1279 207 su

200 327 368 398 aequentur
389 318 468 379 enim
491 318 577 380 etiam
592 317 709 381 honore
730 317 861 380 nominis
876 354 918 365 —
932 318 1109 381 sustinuisse
1130 318 1278 380 labantem
1354 370 1355 387 ,

198 398 351 466 *fortunam
373 403 475 484 populi
506 402 648 478 Romani,
678 421 760 465 nunc
782 403 912 479 eosdem,
935 420 1003 465 cum
1026 404 1084 466 illic
1108 404 1207 466 omnia
1230 424 1278 466 se·
1354 406 1355 433 ³

148 496 178 549 18
199 490 296 551 cunda
324 488 460 568 laetaque
488 496 576 561 sunt,
603 488 710 552 animis
737 486 885 550 deficere?
929 508 1028 572 nuper
1055 507 1175 569 quoquc
1202 508 1278 569 quae

199 574 387 648 acciderunt,
415 572 529 636 utinam
554 582 613 635 tam
635 574 700 635 sins
722 592 788 635 meo
811 573 893 637 luctu
916 592 1005 655 mam
1030 596 1047 635 a
1073 596 1090 635 s
1116 596 1150 637 s.
1194 592 1279 636 nunc

200 660 229 720 di
251 659 431 721 immortales
452 658 569 739 imperii
590 658 717 720 Romani
744 659 911 739 praesides,
942 660 993 739 qui
1016 659 1157 722 centuriis
1179 660 1278 721 omni·
1301 672 1317 721 t

199 744 271 819 bus,
300 752 335 805 ut
355 743 427 806 mibi
449 743 606 825 imperium
631 744 771 805 iuberent
796 744 873 820 dari,
901 746 985 807 fuere
1006 754 1158 818 auctores,
1187 744 1277 806 iidem

200 828 330 910 auguriis
344 828 543 910 auspiciisque
565 837 595 890 et
616 847 670 909 per
686 837 851 891 nocturnas
865 830 954 892 etiam
976 830 1058 892 uisus
1078 831 1178 891 omnia
1201 830 1277 891 laeta

148 922 177 975 le
198 934 232 977 ac
254 932 398 997 prospera
412 914 605 995 portendunt
642 914 759 977 animus
782 932 901 995 quoque
920 933 1014 991 meus,
1036 916 1181 977 maximus
1202 915 1276 976 mibi

199 1000 235 1061 ad
258 1001 314 1063 hoc
330 1009 447 1079 tempus
463 1007 553 1072 uates,
575 1000 724 1080 praesagit
746 1009 878 1062 nostram
899 1000 1071 1082 Hispaniam
1094 1020 1167 1076 esse,
1190 1000 1277 1061 breui

199 1094 317 1148 extorre
349 1085 421 1147 hinc
449 1103 538 1146 omne
565 1083 712 1147 Punicum
742 1103 852 1147 nomen
882 1086 973 1147 maria
1004 1094 1159 1165 terrasque
1193 1085 1280 1147 ioeda
1301 1096 1332 1147 tu

148 1180 176 1232 3ο
197 1172 268 1251 iuga
282 1169 485 1250 impleturum.
523 1169 602 1249 quod
616 1188 703 1233 mens
724 1188 776 1232 sua
791 1180 899 1250 sponte
921 1170 1044 1244 diuinet,
1067 1171 1144 1232 idem
1166 1170 1278 1233 subicit

198 1258 274 1319 ratio
294 1255 374 1317 baud
395 1254 491 1316 ialiax.
535 1255 634 1316 uexati
655 1255 693 1316 ab
716 1255 751 1318 iis
773 1256 846 1317 accii
875 1265 1008 1318 nostram
1037 1256 1124 1317 iidem
1156 1273 1212 1335 per
1233 1255 1276 1316 ie-

198 1352 282 1422 gatos
303 1340 478 1421 impiorant;
500 1350 562 1402 tres
584 1340 675 1402 duces
697 1340 915 1416 discordantes,
938 1359 1033 1421 prope
1055 1351 1088 1402 ut
1110 1340 1276 1403 defecerint

198 1428 246 1490 aiii
269 1426 306 1488 ab
328 1425 406 1498 aliis,
434 1425 576 1488 trifariam
598 1425 743 1487 ereroitus
765 1426 796 1487 in
819 1426 1032 1489 diuersissimas
1053 1426 1194 1506 regiones
1214 1425 1276 1487 dis-

145 1521 174 1572 31
197 1523 328 1575 traxere:
352 1510 454 1573 eadem
470 1511 501 1572 in
517 1510 583 1573 ilios
597 1510 711 1589 ingruit
724 1512 854 1585 ianuae,
878 1528 954 1592 quae
970 1528 1066 1591 nuper
1082 1530 1138 1573 nos
1156 1510 1277 1585 afflixit;
1301 1520 1327 1571 te

198 1605 319 1659 namet
343 1596 523 1657 deseruntur
551 1594 587 1656 ab
609 1596 713 1669 sociis,
742 1606 776 1658 ut
796 1597 880 1675 prius
902 1597 938 1658 ab
962 1595 1115 1659 Celtiberis
1144 1616 1215 1671 nos,
1247 1604 1277 1657 et

197 1683 339 1743 diduxere
354 1680 510 1753 exercitus,
533 1698 609 1759 quae
624 1681 701 1761 patri
722 1690 887 1761 patruoque
910 1700 975 1743 meo
999 1698 1084 1743 causa
1108 1682 1187 1743 exitii
1210 1682 1274 1742 iuit.

145 1776 175 1827 m
198 1785 255 1827 nec
276 1764 419 1827 discordia
441 1764 582 1827 intestina
604 1766 686 1828 coire
701 1784 752 1829 eos
767 1767 797 1828 in
815 1786 908 1828 unum
931 1767 1018 1841 sinet,
1042 1785 1141 1846 neque
1163 1765 1274 1847 singuli

198 1850 285 1913 nobis
312 1849 450 1912 resistere
470 1859 622 1930 poterunt.
667 1868 722 1914 uos
748 1853 853 1925 modo,
883 1852 1004 1925 milites,
1033 1853 1130 1913 fauete
1158 1850 1274 1913 nomini

198 1936 382 2015 Scipionum,
404 1935 502 1999 suboli
517 1935 730 2015 imperatorum
753 1948 922 2000 uestrorum
943 1936 1027 2000 uelut
1048 1936 1152 1999 accisis
1173 1954 1274 1999 recre-
1298 1948 1328 1998 tc

145 2030 174 2081 33
195 2022 291 2083 seenti
322 2020 474 2101 stirpibus.
518 2022 614 2100 agite,
647 2030 766 2084 ueteres
798 2023 926 2096 miiites,
963 2040 1076 2084 nouum
1110 2022 1272 2084 exercitum

198 2125 370 2186 nouumque
392 2104 497 2169 ducem
519 2107 665 2169 traducite
687 2106 842 2182 Hiberum,
864 2108 1008 2171 traducite
1029 2106 1060 2169 in
1084 2114 1181 2170 terras
1204 2125 1273 2170 cum

144 2200 173 2251 tt
193 2193 295 2255 moitis
315 2190 444 2254 fortibus
465 2191 550 2254 iactis
570 2210 658 2272 saepe
681 2211 698 2254 a
720 2192 807 2256 uobis
829 2203 1006 2274 peragratas
1050 2192 1137 2255 breui
1155 2193 1271 2264 iaciant,
1354 2201 1355 2234 i

196 2287 243 2352 ut,
274 2295 362 2358 quem
385 2278 422 2338 ad
447 2275 568 2339 modum
591 2295 673 2338 nunc
695 2278 848 2340 noscitatis
876 2279 906 2340 in
930 2297 977 2340 me
999 2279 1092 2360 patris
1113 2279 1273 2358 patruique

142 2371 172 2424 tt
195 2362 416 2425 similitudinem
432 2363 492 2424 oris
508 2361 669 2441 uultusque
687 2373 718 2425 et
732 2363 912 2426 lineamenta
926 2363 1070 2444 corporis,
1092 2365 1133 2424 ita
1148 2363 1273 2444 ingenii,
1296 2375 1328 2426 35

195 2449 264 2509 iidci
285 2448 464 2527 uirtutisque
483 2447 611 2526 effigiem
633 2446 720 2510 uobis
741 2448 872 2522 reddam,
894 2458 926 2510 ut
947 2448 1089 2510 reuixisse
1110 2459 1162 2510 aut
1183 2467 1273 2511 rena·

196 2542 258 2595 tum
280 2533 336 2595 sibi
358 2533 485 2612 quisque
507 2532 678 2613 Scipionem
699 2532 906 2613 imperatorem
929 2527 1025 2596 dicat’

141 2633 180 2689 42
281 2618 343 2680 Hac
365 2618 499 2679 oratione
521 2617 655 2680 accensis
677 2618 803 2680 militum
825 2619 947 2694 animis,
973 2618 1076 2680 relicto
1098 2617 1136 2679 ad
1158 2619 1272 2697 praesi-

194 2704 277 2766 dium
298 2703 428 2782 regionis
450 2702 513 2765 eius
534 2702 574 2764 u.
598 2701 698 2765 Silano
728 2722 796 2765 cum
824 2704 920 2766 tribus
942 2703 1060 2765 milibus
1081 2701 1215 2783 peditum
1242 2712 1272 2765 et

194 2788 336 2850 trecentis
350 2787 508 2866 equitibus,
523 2796 636 2849 ceteras
651 2806 757 2850 omnes
773 2789 873 2870 copias
888 2823 931 2836 ··—
945 2797 1032 2850 erant
1045 2797 1144 2850 autem
1164 2787 1274 2867 uiginti
1297 2799 1329 2850 to

194 2873 327 2953 quiaque
349 2871 428 2933 milia
450 2872 597 2954 peditum,
619 2872 677 2934 duo
701 2873 778 2935 milia
801 2875 957 2955 quingenti
978 2873 1092 2953 equites
1114 2907 1156 2919 -
1179 2871 1273 2935 Hibe-

163 2969 259 3022 rrum
281 2957 405 3019 traiecit
449 2958 490 3019 ibi
510 2957 685 3038 quibusdam
709 2958 909 3032 suadentibus,
933 2967 976 3033 ut,
998 2957 1139 3039 quoniam
1163 2957 1194 3019 in
1218 2959 1274 3020 tris

194 3055 252 3105 tam
274 3042 408 3105 diuersas
428 3044 567 3122 regiones
586 3043 791 3106 discessissent
805 3044 909 3106 Punici
924 3044 1079 3118 exercitus,
1101 3042 1273 3141 proximum
1354 3089 1355 3124 ,

193 3127 417 3210 aggrederetur,
450 3128 616 3209 periculum
649 3145 715 3190 esse
743 3139 841 3202 ratus,
876 3147 914 3204 ne
943 3149 978 3192 eo
1008 3129 1121 3191 iacto
1113 3147 1144 3190 m
1175 3147 1273 3191 unum

195 3233 299 3277 omnes
321 3212 510 3276 contraheret
532 3231 589 3274 nec
612 3231 667 3294 par
689 3222 767 3275 esset
783 3233 863 3277 unus
878 3223 923 3277 tot
938 3213 1124 3287 exercitibus,
1149 3213 1272 3276 Cartba-
1296 3223 1328 3274 tt

154 3302 292 3380 aginem
315 3299 429 3361 Nouam
456 3298 576 3360 interim
604 3317 780 3379 oppugnare
808 3299 927 3374 statuit,
956 3299 1061 3362 urbem
1083 3317 1152 3361 cum
1174 3299 1272 3379 ipsam

260 3486 361 3536 inane
378 3482 413 3535 Ρ
434 3497 487 3536 nun
505 3481 629 3550 P¹flcarn
648 3487 668 3545 ς
692 3483 757 3537 tu.
768 3483 835 3536 Voss
853 3484 913 3552 qnia
930 3485 954 3535 P
972 3498 1030 3536 cum
1053 3483 1104 3535 iam
1129 3482 1244 3550 Madurg
1262 3485 1275 3552 Ι

192 3554 338 3619 3ῳιαος,
356 3566 406 3603 our
423 3550 682 3618 Pleionesque
700 3552 738 3603 ad
754 3567 812 3619 cap.
831 3553 873 3618 tu,
882 3551 900 3604 8
917 3551 1033 3604 imminet
1050 3551 1128 3604 sirica
1147 3556 1274 3605 mouit
1354 3597 1355 3622 ,

191 3621 241 3684 ΣΙ,
259 3617 363 3686 oruPi
376 3621 392 3671 5
404 3619 449 3685 qai
466 3618 559 3684 2¹²5,
577 3635 627 3670 out
644 3617 734 3700 2³16
752 3569 806 3673 dari
821 3591 873 3672 det,
884 3624 971 3672 comet
980 3618 1095 3686 Duker!
1112 3621 1143 3673 12
1157 3626 1273 3673 nostram

191 3688 277 3752 Σῑ3ς
295 3691 407 3739 nostram
427 3701 460 3739 ue
478 3686 546 3806 2³1,
558 3690 589 3741 tt
607 3687 735 3740 exercitus
758 3687 801 3739 Σ*
825 3688 963 3741 exerebant
983 3688 1112 3754 2¹th
1131 3685 1192 3740 iilos
1211 3688 1274 3741 2⁷¹?
1354 3693 1355 3736 t

192 3753 315 3807 uiros2⁸
349 3755 408 3806 biis
440 3754 506 3819 pem
543 3763 599 3807 erts
612 3755 757 3823 exemplum
770 3755 884 3822 effigiem
897 3753 1088 3807 2¹etutuid
1101 3753 1275 3822 virtue

192 3822 275 3875 cantis
293 3823 322 3871 Σ
351 3825 377 3871 et
393 3826 425 3872 ut
440 3823 498 3873 uid.
515 3823 557 3873 ΣΙ
575 3824 724 3891 quingentis
741 3841 776 3877 em
793 3824 886 3892 Polyb.
907 3823 1006 3890 10,6,7
1024 3823 1156 3890 Sigonius
