2734 4250
191 134 232 195 12
579 134 673 188 LlBER
693 136 782 203 xxvt,
803 140 842 190 lli.
861 140 891 192 ll
1121 162 1180 217 Qu.
1195 163 1216 195 c.
1231 154 1271 196 513
1362 136 1363 193 l

190 309 308 379 refertis
329 307 486 370 itineribus
506 308 666 389 agrestium
695 308 782 370 turba
810 326 1029 389 pecorumque,
1056 326 1131 389 quae
1159 325 1271 387 repen-

149 396 167 457 *e
188 396 271 457 tinus
285 412 380 475 pauor
394 394 426 456 in
441 393 546 455 urbem
561 393 755 473 compulerat.
789 402 927 473 equestre
941 393 1087 473 proelium
1103 393 1270 455 secundum

190 479 256 553 luit,
270 479 470 558 summotique
485 478 586 540 hostes
600 487 680 540 sunt.
717 488 747 541 et
762 480 829 569 quia
846 478 948 541 multis
964 477 1038 541 locis
1053 478 1272 558 comprimendi

191 564 335 627 tumultus
351 573 445 637 erant,
461 562 512 642 qui
526 572 639 625 temere
654 562 837 638 oriebantur,
851 563 962 645 placuit
977 583 1091 639 omnes,
1108 564 1160 643 qui
1176 563 1271 625 dicta-

190 658 280 721 tores‚
303 648 443 711 consules
465 666 644 711 censoresue
667 649 809 721 luissent,
838 668 906 711 cum
929 649 1053 729 imperio
1076 667 1151 723 esse,
1173 648 1314 711 donec5

139 742 168 795 tt
189 734 361 797 recessisset
382 752 398 794 a
420 733 514 795 muris
536 733 639 795 bostis.
676 745 707 795 et
721 733 778 795 diei
794 734 873 813 quod
890 733 1037 813 reliquum
1058 735 1112 797 luit
1127 742 1157 794 et
1179 745 1272 795 nocte

191 819 362 899 insequenti
383 818 468 880 multi
489 828 603 880 temere
625 819 742 881 excitati
770 822 914 881 tumultus
943 829 1014 883 sunt
1035 819 1271 899 compressique.

138 917 173 972 11
276 905 400 966 Postero
415 904 462 965 die
477 912 681 983 transgressus
692 904 836 966 Anienem
853 903 1002 967 Hannibal
1016 905 1047 966 in
1063 904 1155 966 aciem
1171 902 1273 965 omnis

191 990 292 1070 copias
314 988 429 1062 eduxit;
453 1007 509 1050 nec
524 988 647 1051 Flaccus
663 990 860 1069 consulesque
880 999 1030 1051 certamen
1052 988 1272 1051 detrectauere.

152 1082 168 1131 2
190 1074 344 1137 instructis
365 1075 516 1153 utrimque
538 1074 719 1136 exercitibus
743 1074 774 1135 in
798 1076 861 1137 eius
883 1092 1001 1154 pugnae
1023 1072 1132 1149 casum,
1155 1074 1186 1136 in
1209 1092 1273 1153 qua
1297 1084 1329 1137 10

192 1158 264 1222 urbs
292 1160 383 1221 Roma
412 1158 521 1221 uictori
549 1160 712 1238 praemium
742 1168 835 1234 esset,
863 1158 959 1221 imber
987 1160 1095 1239 iugens
1123 1158 1273 1237 grandine
1362 1192 1363 1195 =

192 1245 300 1307 mixtus
322 1246 360 1306 ita
384 1254 540 1323 utramque
562 1244 654 1306 aciem
677 1243 823 1316 turbauit,
852 1253 885 1307 ut
907 1245 957 1306 uix
979 1246 1068 1305 armis
1089 1244 1214 1305 retentis
1237 1245 1270 1305 in
1362 1280 1363 1291 1

191 1339 286 1394 castra
308 1348 373 1391 sese
396 1329 566 1409 receperint
588 1329 698 1391 nullius
720 1328 763 1390 rei
785 1330 900 1392 minore
924 1348 1012 1409 quem
1031 1329 1160 1392 bostium
1176 1339 1272 1391 metu.

46 1452 52 1465 ·
153 1424 220 1478 aet
241 1424 362 1496 postero
384 1414 431 1476 die
455 1414 558 1475 eodem
588 1414 654 1476 loco
685 1414 762 1477 acies
790 1416 950 1477 instructas
978 1416 1079 1476 eadem
1107 1423 1274 1494 tempestas

191 1501 317 1562 diremit.
355 1498 406 1561 ubi
422 1499 606 1578 recepissent
621 1519 653 1560 se
668 1499 698 1561 in
716 1509 821 1574 castra,
844 1500 917 1562 mire
935 1500 1080 1562 serenitas
1094 1518 1162 1561 cum
1184 1509 1276 1561 tran·
1300 1510 1330 1561 15

152 1586 333 1665 tquillitate
356 1584 515 1647 oriebatur.
559 1584 589 1647 in
619 1584 794 1664 religionem
821 1603 855 1646 ea
878 1602 926 1647 res
948 1594 1021 1665 aput
1043 1584 1159 1647 Poenos
1180 1602 1273 1647 uersa

191 1680 245 1743 est,
260 1670 419 1749 auditaque
434 1688 492 1731 uox
505 1669 680 1731 Hannibalis
696 1670 798 1744 fertur,
814 1670 975 1750 potiundae
990 1670 1046 1733 sibi
1061 1669 1144 1733 urbis
1156 1670 1273 1733 Romae

153 1766 169 1815 tt
191 1755 279 1828 modo
301 1765 432 1815 mentem
456 1774 516 1816 nou
533 1754 605 1827 dari,
628 1755 717 1816 modo
733 1756 893 1817 fortunam.
932 1756 1066 1817 minuere
1081 1755 1168 1817 etiam
1183 1774 1273 1835 spem

192 1841 257 1902 eius
271 1839 347 1901 duae
360 1840 441 1915 aliae,
455 1857 546 1920 parua
558 1857 735 1921 magnaque,
747 1858 809 1901 res:
824 1858 929 1919 magna
942 1840 998 1913 illa,
1016 1842 1104 1919 quod,
1121 1859 1189 1902 cum
1203 1842 1276 1921 ipse

192 1924 228 1987 ad
251 1926 368 1986 moenia
390 1924 474 1986 urbis
495 1924 607 1986 Romae
633 1934 764 1987 armatus
791 1925 921 2000 sederet,
950 1925 1056 1987 milites
1077 1923 1132 1987 sub
1156 1926 1277 1989 uexill'm
1300 1936 1332 1987 1)

154 2022 170 2071 6
191 2011 222 2073 in
238 2010 479 2091 supplementum
496 2010 653 2091 Hispaniae
669 2010 820 2090 proiectos
835 2010 941 2087 audiit;
957 2020 1172 2092 permantum,
1188 2014 1275 2090 quod

192 2113 247 2178 per
267 2114 320 2159 eos
342 2095 405 2158 dies
431 2114 497 2158 eum
526 2096 603 2157 torte
631 2112 751 2176 agrum,
778 2096 809 2157 in
837 2114 896 2176 qno
923 2096 985 2176 ipse
1014 2104 1108 2158 castra
1136 2096 1276 2174 haberet,

192 2182 312 2244 uenisse
335 2181 409 2243 nibil
431 2181 469 2242 ob
493 2181 521 2242 id
544 2181 698 2243 deminuto
715 2181 810 2263 pretio
826 2182 979 2260 cognitum
994 2200 1031 2243 ex
1047 2181 1173 2262 quodam
1196 2201 1277 2263 cap—

156 2268 254 2329 ttiuc
276 2277 331 2330 est.
369 2267 397 2328 id
421 2285 495 2328 uero
510 2267 583 2328 adeo
603 2266 767 2346 superbum
790 2273 879 2346 atque
901 2267 1056 2346 indignum
1077 2267 1183 2341 uisum,
1207 2268 1278 2331 eius

193 2353 257 2428 soli,
281 2353 359 2433 qnod
383 2351 447 2432 ipse
469 2351 547 2413 bello
570 2362 689 2432 captum
713 2353 878 2432 possideret
900 2351 1090 2430 haberetque,
1113 2352 1278 2416 inuentum
1304 2365 1337 2416 15

193 2438 303 2499 Romae
319 2446 494 2517 emptorem,
513 2446 546 2497 ut
560 2437 708 2516 extemplo
723 2446 830 2499 uocato
847 2453 994 2516 praecone
1010 2436 1147 2499 tabernas
1163 2455 1277 2518 argen-

155 2533 170 2584 8
191 2523 290 2596 tarias,
314 2541 389 2603 quae
404 2523 483 2583 circa
504 2522 601 2583 iorum
618 2522 785 2584 Humanum
801 2531 909 2595 essent,
933 2522 1052 2584 iusserit
1072 2523 1187 2584 uenire.
1226 2523 1279 2587 bis

191 2617 290 2670 motus
313 2607 348 2668 ad
364 2607 480 2669 Tutiam
503 2607 627 2668 lluuium
651 2617 746 2669 castra
768 2607 890 2680 rettulit,
913 2626 964 2669 sex
983 2607 1061 2669 milia
1077 2623 1217 2686 passuum
1233 2607 1278 2670 ab

194 2692 277 2755 urbe.
321 2693 390 2753 inde
412 2691 448 2752 ad
471 2692 570 2753 lucum
593 2692 738 2753 Feroniae
761 2691 858 2772 pergit
880 2693 941 2766 ire,
971 2692 1112 2772 templum
1136 2711 1170 2754 ea
1193 2703 1278 2754 tem—

154 2789 170 2839 e
192 2787 305 2858 pestate
327 2777 472 2838 inclutum
497 2777 616 2839 diuitiis.
662 2777 825 2856 Capenates
847 2777 971 2856 aliique,
994 2779 1045 2856 qui
1068 2777 1184 2839 accolae
1207 2779 1279 2842 eius
1303 2793 1340 2844 30

192 2873 287 2934 erant,
309 2862 452 2942 primitias
474 2863 592 2941 lrugum
616 2881 652 2923 eo
675 2861 813 2942 donaque
836 2862 890 2923 alia
918 2881 973 2942 pro
1002 2862 1087 2942 copia
1114 2872 1278 2942 portantes
1362 2887 1363 2940 ᾗ

192 2948 286 3009 multo
308 2965 381 3008 auro
404 2958 588 3028 argentoque
615 2947 644 3008 id
671 2958 846 3009 exornatum
870 2947 1028 3010 habebant.
1073 2947 1107 3008 iis
1130 2948 1278 3014 omnibus
1362 2942 1363 2956 ¹

192 3033 279 3094 donis
294 3041 357 3093 tum
372 3031 531 3112 spoliatum
547 3033 699 3112 templum.
736 3033 812 3094 aeris
827 3035 937 3106 acerui,
959 3051 1025 3094 cnm
1041 3033 1146 3093 rudera
1163 3033 1278 3098 milites
1362 3051 1363 3092 t

192 3118 336 3198 religione
358 3117 472 3180 inducti
494 3118 636 3190 iacerent,
658 3127 727 3198 post
749 3117 964 3198 protectionem
981 3117 1154 3180 Hannibalis
1170 3122 1275 3199 magni
1362 3135 1363 3166 ³

142 3214 170 3265 10
191 3204 319 3265 inuenti.
364 3203 452 3265 buius
480 3203 633 3284 populatio
661 3203 765 3283 templi
786 3203 863 3265 baud
887 3203 975 3265 dubia
1003 3203 1083 3264 inter
1110 3204 1278 3282 scriptores
1303 3215 1363 3270 35'

260 3409 357 3459 turbe
375 3405 447 3473 Plo
469 3410 524 3456 erat
547 3403 617 3471 Ρ16
634 3403 785 3457 recessisset
806 3419 820 3455 e
845 3403 923 3456 muris
947 3403 981 3456 Ρ
1006 3403 1274 3460 recessisseetamorie

190 3476 222 3527 1²¹
258 3475 328 3526 nocti
344 3472 378 3526 Ρ
390 3475 444 3525 noti
457 3473 490 3524 1³¹
502 3471 512 3541 fl
525 3476 540 3524 'l
554 3473 687 3526 exercitati
700 3470 742 3539 ΡΙ
758 3475 788 3525 lb
803 3471 869 3524 utrin
890 3486 922 3523 ue
936 3470 978 3540 ΡΙ
992 3474 1022 3525 18
1035 3485 1106 3538 spem
1120 3473 1176 3525 eius
1189 3471 1275 3527 Valla
1362 3511 1363 3520 r

191 3556 237 3609 per
247 3543 329 3594 meins
347 3541 390 3608 rt
405 3544 435 3594 19
453 3540 519 3592 duae
536 3541 648 3606 Madvig
665 3546 692 3592 et
712 3539 751 3609 ΡΗ
765 3555 843 3607 parua
864 3487 946 3592 gron.
967 3553 1053 3608 perure
1072 3539 1115 3608 Pl
1128 3541 1160 3593 22
1178 3555 1226 3608 per
1244 3549 1273 3610 ς,
1362 3565 1363 3570 ’

192 3625 242 3661 cnr.
262 3610 349 3675 {²12³
369 3610 469 3676 praetio
486 3607 576 3677 Pllb
594 3611 741 3676 babereque
759 3609 801 3676 ΡΙ
814 3610 847 3661 lb
866 3607 984 3676 exemplo
1003 3608 1045 3675 Pl
1058 3609 1090 3661 28
1109 3607 1220 3661 luluiurn
1233 3611 1276 3682 ΡΙ
1362 3613 1363 3678 i

191 3676 272 3728 millia
291 3677 334 3744 Pl
347 3679 379 3730 29
397 3676 460 3795 ᾔει)
482 3677 605 3744 templum
631 3681 700 3729 ocni.
721 3675 908 3729 Weissenborn
921 3675 931 3745 ll
944 3681 1105 3743 tempestate
1124 3677 1167 3744 Pl
1179 3678 1213 3731 30
1233 3678 1273 3732 in·
1362 3679 1363 3748 2

191 3744 290 3812 clytum
308 3742 343 3795 1⁹¹
354 3745 365 3811 l
377 3744 419 3796 ali
440 3761 473 3797 ue
491 3746 536 3812 qui
554 3748 573 3810 ς
591 3745 673 3798 Gron.
692 3743 777 3812 alique
795 3745 836 3808 Pl
850 3745 881 3796 at
901 3743 1037 3811 donaqnse
1055 3743 1096 3812 ΡΙ
1110 3745 1143 3797 35
1162 3747 1274 3814 popula·
1362 3799 1363 3808 g

193 3813 230 3864 tio
247 3814 270 3864 Ρ
285 3812 408 3879 spoliatio
464 3813 566 3874 oalffltn
586 3814 649 3868 Ant.
669 3830 693 3866 u.
712 3813 774 3880 Syr.
793 3813 827 3864 64
862 3812 1001 3864 scribtores
1018 3813 1042 3864 P
1362 3813 1363 3824 ¹
