2734 4250
202 109 262 168 192
598 107 693 160 nisan
711 107 806 174 xxxx,
825 109 877 160 xe
1143 126 1277 168 ..uano

131 296 175 360 ,to
282 282 370 343 Exitu
392 280 464 342 anni
487 280 550 341 eius
566 279 600 350 Ο.
616 278 725 341 Fabius
747 299 782 340 ex
799 280 972 341 auctoritate
990 287 1111 340 senatus
1125 280 1277 356 Puteolos,

71 377 72 381 ’
198 386 253 449 per
274 366 384 428 bellum
406 375 544 444 coeptum
567 365 748 444 frequentari
767 366 942 445 emporium,
966 365 1142 425 communiit
1163 367 1276 445 praesi-

146 464 174 516 11
197 455 336 530 diumque
370 451 511 530 inposuit.
563 451 631 510 inde
659 451 781 510 Romam
811 450 998 510 comitiorum
1032 468 1119 510 causa
1147 451 1276 512 ueniens

197 539 226 599 in
251 557 317 598 eum
340 555 428 615 quem
457 535 583 615 primum
606 535 683 596 diem
712 535 887 595 comitialem
916 535 1019 595 hahuit
1039 536 1157 595 comitia
1186 537 1277 597 edixit

148 635 176 686 12
197 631 285 701 atque
307 642 343 682 ex
357 622 463 682 itinere
486 629 604 699 praeter
626 619 730 680 urbem
755 620 785 679 in
809 638 946 699 campum
969 619 1130 680 descendit.
1168 640 1204 682 eo
1227 621 1312 682 dieo

198 726 265 770 cum
281 725 346 768 sors
362 707 582 785 praerogatiuae
597 705 720 765 Aniensi
736 705 886 765 iuniorum
902 705 1019 778 exisset,
1041 723 1135 784 eaque
1151 705 1185 765 T.
1203 706 1276 766 Ota·

198 792 297 853 cilium
320 792 358 852 hl.
375 790 530 851 Aemilium
546 790 693 870 Regillum
716 790 855 850 consules
877 790 1005 861 diceret,
1028 789 1276 873 tum10.l'abius

163 877 316 939 8silentio
339 877 416 936 lacto
439 875 489 935 tali
518 876 651 936 oratione
679 882 725 935 est
746 893 826 936 usus.
867 867 912 934 ‘Si
935 883 986 935 aut
1006 893 1109 954 pacem
1138 875 1169 936 in
1192 875 1275 936 ltalia

198 972 248 1023 aut
269 962 297 1022 id
314 961 423 1022 bellum
445 979 572 1038 eumque
595 960 708 1020 hostem
732 958 916 1032 haberemus,
939 959 969 1019 in
995 976 1053 1037 quo
1070 961 1274 1039 neclegentiae

197 1047 290 1108 laxior
305 1047 387 1108 locus
406 1054 492 1118 esset,
516 1045 566 1123 qui
580 1045 690 1106 uestris
712 1044 825 1118 studiis,
849 1044 969 1122 quaein
986 1063 1122 1123 campum
1138 1046 1173 1105 ad
1190 1064 1276 1106 man·
1298 1054 1327 1106 to

197 1131 319 1202 dandos,
342 1129 449 1209 quibus
470 1129 576 1202 uelitis,
599 1129 729 1189 honores
743 1129 872 1202 adfertis,
895 1147 1007 1190 moram
1030 1129 1119 1189 ullam
1141 1131 1274 1206 offerret,

158 1223 174 1273 2
196 1218 220 1279 is
242 1217 312 1276 mihi
335 1233 439 1295 parum
457 1214 626 1274 meminisse
648 1214 801 1274 uideretur
822 1222 939 1275 uestrae
955 1213 1098 1274 libertatis
1105 1231 1114 1286 ;
1136 1214 1187 1274 sed
1204 1233 1273 1276 cum

196 1303 226 1362 in
251 1302 307 1362 hoc
330 1300 417 1373 hello,
440 1298 469 1359 in
486 1300 543 1360 hoo
560 1299 642 1360 hoste
666 1315 827 1376 numquam
851 1298 887 1359 ab
905 1298 963 1360 ullo
979 1299 1055 1358 doce
1077 1299 1142 1360 sine
1156 1299 1273 1377 ingenti

196 1397 296 1446 nostra
319 1385 400 1446 clade
416 1393 545 1445 erratum
561 1384 607 1456 sit,
631 1383 732 1443 eadem
751 1401 807 1443 uos
829 1401 908 1456 cura,
932 1401 989 1461 qua
1012 1384 1042 1444 in
1058 1384 1150 1443 aciem
1166 1386 1272 1446 armati

195 1471 381 1543 descenditis,
404 1469 480 1529 inire
502 1468 673 1545 suffragium
689 1468 723 1527 ad
740 1469 883 1530 creandos
905 1467 1043 1529 consules
1064 1470 1149 1529 decet
1171 1478 1201 1529 et
1216 1470 1272 1531 sibi
1297 1479 1327 1529 15

195 1573 344 1635 quemque
373 1554 470 1614 dicere
495 1545 677 1613 “Hannibali
705 1552 876 1631 imperatori
904 1571 1004 1632 parem
1034 1553 1188 1614 consulem
1216 1574 1273 1616 no·

158 1648 172 1697 t
195 1631 309 1700 mino'’.
340 1639 396 1699 hoc
411 1656 491 1698 anno
506 1639 542 1698 ad
555 1637 683 1716 Capuam
696 1637 821 1698 Vibellio
832 1637 973 1708 Taureae,
990 1637 1138 1716 Campano
1153 1658 1272 1700 summo

195 1724 296 1802 equiti,
319 1723 494 1803 prouocanti
517 1741 649 1783 summus
664 1723 815 1784 Romanus
837 1740 929 1801 eques
944 1723 1058 1784 Asellus
1073 1721 1211 1785 Claudius
1226 1735 1272 1785 est

154 1819 173 1868 1
195 1809 357 1888 oppositus.
402 1809 544 1868 aduersus
568 1807 680 1868 Gallum
709 1807 859 1885 quondam
889 1818 1100 1887 prouocantem
1124 1808 1154 1867 in
1179 1817 1272 1887 ponte

196 1893 319 1953 Anienis
334 1892 367 1953 T.
381 1892 519 1953 hlaolium
536 1893 674 1952 sidentem
692 1902 722 1952 et
736 1893 835 1953 animo
851 1900 881 1952 et
895 1892 1009 1952 uiribus
1024 1892 1130 1952 misere
1144 1893 1273 1955 maiores
1295 1901 1327 1952 20

156 1989 171 2038 5
194 1977 297 2039 nostri.
332 1977 456 2038 eandem
479 1995 595 2038 causam
612 1978 682 2037 haut
699 1978 796 2038 multis
811 1977 897 2038 annis
913 1985 980 2055 post
995 1977 1084 2037 luisse
1100 1996 1161 2037 non
1180 1997 1271 2058 nega·

194 2062 299 2137 uorim,
321 2081 376 2125 cur
392 2062 429 2123 ll.
441 2062 556 2124 Valerio
575 2081 635 2123 non
652 2062 835 2124 diffideretur
849 2062 991 2124 aduersus
1009 2061 1143 2123 similiter
1157 2082 1272 2144 prouo-

153 2159 171 2209 6
193 2157 306 2209 cantem
329 2167 409 2209 arma
432 2149 559 2228 capienti
582 2147 696 2208 Gallum
715 2147 750 2207 ad
774 2156 933 2208 certamen.
978 2166 1066 2227 quem
1089 2148 1124 2208 ad
1147 2150 1270 2209 modum

193 2233 306 2313 pedites
329 2234 502 2313 equitesque
525 2243 661 2312 optamus
683 2241 717 2293 ut
738 2232 910 2304 ualidiores,
940 2232 1102 2305 siminus,
1128 2242 1160 2293 ut
1182 2252 1270 2313 pares

192 2327 272 2379 certe
299 2318 375 2380 hosti
404 2316 581 2390 habeamus,
610 2316 648 2377 ita
678 2316 745 2377 duci
775 2318 900 2378 hostium
930 2335 1031 2396 parem
1060 2318 1269 2397 imperatorem
1292 2325 1322 2375 25

151 2415 168 2463 1
190 2422 374 2482 quaeramus.
419 2421 499 2477 cum,
523 2402 573 2481 qui
597 2410 641 2462 est
661 2420 794 2463 summus
816 2402 846 2461 in
863 2401 983 2462 ciuitate
1005 2403 1074 2475 dux,
1097 2421 1164 2463 eum
1189 2404 1268 2484 lege-

191 2489 293 2564 rimus,
309 2497 406 2549 tamen
424 2496 547 2567 repente
561 2487 664 2561 lectus,
680 2487 712 2547 iu
724 2505 836 2547 annum
852 2498 968 2547 creatus
979 2487 1121 2548 aduersus
1136 2498 1269 2550 ueterem

191 2591 225 2633 ec
241 2581 416 2653 perpetuum
431 2572 639 2651 imperatorem
655 2570 884 2652 comparabitur,
907 2572 997 2632 nullis
1013 2590 1109 2649 neque
1126 2574 1270 2652 temporis

279 2708 290 2756 1
311 2719 336 2770 q.
351 2710 371 2767 ς
398 2719 448 2770 quo
462 2704 530 2771 Pili
549 2708 695 2770 coemptum
710 2703 756 2770 ΡΙ
773 2704 913 2770 emporium
928 2704 959 2755 12¹
987 2704 1119 2771 enporinm
1132 2704 1165 2755 Ρ
1177 2706 1188 2771 Ι
1201 2720 1269 2757 com-

192 2771 284 2823 muniit
296 2776 315 2835 ς
341 2773 481 2823 communit
493 2772 535 2838 ΡΙ]
548 2774 563 2823 5
576 2788 607 2823 ex
620 2772 711 2823 itinere
724 2772 804 2822 Votln
828 2772 976 2823 edixitioere
988 2770 1019 2823 P¹
1041 2771 1121 2823 edixit
1132 2773 1197 2824 inire
1210 2774 1244 2823 Ρ1
1260 2775 1270 2841 Ι

192 2842 209 2892 6
229 2840 325 2890 oniensi
343 2838 423 2890 Gron.
441 2845 585 2903 praeeunte
603 2840 687 2891 anien.
707 2842 730 2891 b.
745 2857 765 2889 e.
784 2839 896 2891 aniensis
915 2839 970 2889 Oet.
988 2840 1157 2905 Pantogotbo
1186 2842 1268 2893 entesi

193 2906 374 2972 Piliuniorum
393 2910 412 2971 ς
438 2906 563 2957 ludiorum
586 2906 797 2973 Pilttacilium
816 2908 847 2957 Ρ1
875 2911 891 2957 t.
911 2907 1012 2959 acilium
1030 2907 1091 2974 1²²ss
1111 2912 1125 2959 'l
1145 2906 1268 2976 diceretq.

193 2980 247 3026 tum
267 2991 291 3041 q.
309 2973 379 3041 ppo
398 2973 494 3025 italiam
513 2974 589 3043 Ρ119
609 2976 632 3025 id
653 2974 682 3025 G.
700 2973 808 3040 Beekn,
830 2990 879 3026 oni
898 2974 1069 3041 Pleumque
1088 2975 1168 3026 Gron.
1196 2992 1268 3027 eum·

193 3057 243 3109 que
257 3042 301 3161 1)Ιὲ
311 3050 354 3092 aut
373 3041 468 3092 bellum
488 3058 544 3093 cum
562 3058 594 3093 eo
607 3043 680 3094 hoste
693 3047 719 3106 ς,
737 3045 784 3093 uli
796 3058 827 3094 eo
840 3043 888 3094 del.
902 3041 1074 3109 Bitschofsky
1088 3043 1154 3094 Oest.
1170 3044 1267 3110 cyme.

190 3110 227 3162 36
239 3109 285 3169 (18
301 3111 330 3173 5)
343 3109 395 3161 356
407 3114 415 3173 ΙΙ
432 3110 600 3163 1011111011)ι
626 3111 716 3161 anxior
728 3110 770 3175 1³²,
786 3111 834 3162 sed
850 3110 920 3161 illud
930 3127 982 3162 ros.
995 3115 1148 3161 restitutum
1161 3111 1171 3177 Ι
1186 3115 1215 3164 11
1230 3112 1268 3163 ul·
1341 3162 1345 3167 .

192 3179 245 3229 lum
258 3178 297 3242 ΡΙ,
315 3176 453 3243 cornPlll
471 3180 500 3229 12
518 3184 619 3230 uestrae
636 3178 798 3243 libertatis&
824 3178 971 3230 oeliherstis
989 3178 1020 3229 ΡΙ
1049 3178 1089 3229 uel
1108 3178 1270 3230 liberatior*

193 3246 318 3298 libertatis
337 3248 406 3297 coni.
422 3247 564 3298 Weissenb.
578 3246 587 3313 ΙΙ
603 3248 632 3297 13
646 3247 678 3297 ab
694 3246 739 3297 illo
754 3248 795 3312 ΡΙΙ
811 3248 840 3298 15
853 3246 931 3297 sinite
943 3245 985 3312 ΡΙΙ
999 3245 1073 3297 decet
1085 3249 1104 3309 ς
1130 3245 1216 3297 demet
1229 3248 1269 3313 Pl

192 3314 241 3366 sibi
253 3316 351 3379 scripsi
364 3314 593 3365 uincentum
620 3314 669 3365 sibi
688 3314 710 3365 si
723 3315 746 3364 Ρ
768 3314 821 3375 sibi,
837 3315 874 3365 sic
886 3317 925 3378 ςΙΙ
941 3317 971 3367 17
991 3313 1078 3364 uibelli
1093 3313 1133 3380 ΡΙ
1150 3316 1180 3367 18
1198 3315 1269 3366 deu·

193 3382 250 3433 dius
268 3383 302 3432 Ρ1
328 3382 443 3434 claudius
462 3382 577 3433 claudius
595 3383 626 3432 Ρ1
646 3385 655 3445 ΙΙ
677 3384 707 3433 19
725 3382 852 3449 oppisitus
870 3383 893 3431 P
909 3381 919 3447 Ι
935 3381 1002 3432 callo
1020 3380 1065 3446 ΡΙ
1080 3384 1112 3434 20
1130 3383 1229 3433 anienis
1248 3388 1268 3435 t.

192 3450 276 3500 Gron.
302 3450 406 3501 enienet
423 3449 456 3501 1²¹
481 3450 598 3501 anienem
617 3450 650 3500 1²¹
661 3452 670 3514 ΙΙ
685 3450 816 3501 manilium
828 3447 869 3515 Pl
883 3451 914 3500 21
934 3448 1040 3500 eundem
1053 3448 1147 3499 Duker
1159 3448 1269 3502 Cobotes·

193 3516 228 3567 ob
240 3516 345 3568 eaodem
360 3518 393 3579 1²,
411 3518 444 3569 ob
463 3518 569 3569 eandem
586 3533 670 3583 usque
688 3518 725 3568 ad
742 3518 775 3570 23
793 3520 920 3569 cestsmen
936 3517 987 3567 det.
1001 3515 1071 3567 uoco
1083 3516 1093 3582 Ι
1106 3517 1173 3568 baud
1187 3518 1269 3570 Vallo

193 3588 223 3633 ut
239 3584 262 3634 Ρ
281 3583 291 3651 ΙΙ
312 3586 343 3637 23
363 3584 394 3635 ed
419 3592 546 3637 certamen
569 3586 619 3636 del.
638 3588 665 3637 Ρ.
678 3584 708 3636 11.
721 3584 833 3636 Mueller
850 3583 941 3635 annul.
957 3585 1053 3649 philol.
1065 3585 1099 3636 97
1112 3584 1204 3647 (1868)
1217 3586 1269 3650 18,·

190 3648 260 3711 fort.
278 3651 310 3702 ad
329 3651 377 3702 boe
395 3657 523 3705 certamen
541 3654 710 3704 scribendum
725 3658 750 3703 st
762 3668 822 3702 cum
832 3656 968 3717 proximis
979 3654 1196 3718 coniungendam
1208 3658 1248 3705 est
1260 3658 1270 3721 ΙΙ

194 3721 232 3837 ²⁶⁵t
245 3724 313 3836 eerlt'e
335 3717 477 3775 Weissenb.
497 3722 560 3771 olim
579 3726 604 3772 te
622 3721 662 3786 ΡΙ,
680 3721 731 3772 del.
748 3720 782 3771 1²²
793 3720 804 3787 Ι
817 3723 849 3773 26
867 3734 1003 3788 queminus
1021 3719 1068 3786 ΡΙ
1085 3723 1118 3773 28
1135 3735 1271 3789 compers-

193 3802 219 3837 m
234 3802 263 3838 ur
