2734 4250
180 119 241 178 276
595 117 688 169 cruca
706 116 785 183 xxv,
803 120 835 171 aa
1119 132 1252 175 ..uam
1356 98 1357 101 ‘

125 299 166 355 28
267 293 349 363 Quae
372 293 422 353 uhi
451 293 481 354 in
505 301 601 354 castra
624 292 792 352 Siculorum
822 298 893 352 suut
921 289 1073 361 nuntiata,
1104 287 1252 369 Epicyden

130 401 131 405 ¹
180 378 333 460 Syracusis
355 379 532 450 excessisse,
561 396 578 437 a
601 374 894 455 Carthaginiensibus
917 374 1046 436 relictam
1077 373 1202 435 insulam
1224 382 1256 435 et

143 473 158 525 2
178 482 274 544 prope
297 463 404 524 iterum
427 463 561 525 traditam
584 462 741 533 Romanis,
764 462 875 540 legatos
896 460 932 521 de
956 458 1182 521 condicionibus
1202 458 1255 520 de-

180 550 294 610 dendae
316 547 410 622 urbis,
433 548 582 627 explorata
604 546 688 626 prius
708 565 763 625 per
784 545 943 625 conloquia
966 545 1118 606 uoluntate
1140 562 1256 617 eorum,

142 634 229 712 equi
253 633 474 706 obsidebantur,
496 633 532 694 ad
548 632 719 694 Marcellum
734 632 865 692 mittunt.
902 648 969 691 cum
987 630 1065 691 haud
1088 630 1182 691 terme
1197 629 1258 690 dis·
1280 639 1294 688 5

180 727 325 797 creparet,
340 719 423 797 quin,
444 737 520 797 quae
534 717 646 797 ubique
660 734 764 796 regum
779 716 913 789 luissent,
929 714 1131 777 Romanorum
1147 724 1257 783 essent,

181 803 288 865 Siculis
309 814 407 865 cetera
429 822 496 865 cum
518 803 654 865 libertate
676 821 710 863 ac
731 802 847 881 legibus
868 801 930 863 suis
951 809 1154 873 sumerentur,
1184 818 1258 860 euo-

180 889 253 950 catis
268 889 302 949 ad
326 889 519 967 conloquium
542 889 587 962 iis,
611 887 720 967 quihus
738 887 773 947 ab
797 886 927 968 Epicyde
950 886 1077 947 creditae
1093 904 1141 947 res
1162 896 1259 955 erant,

143 984 158 1034 t
179 974 284 1035 missos
306 993 338 1035 se
360 974 449 1035 simul
471 973 506 1033 ad
530 973 699 1035 Marcellum
722 972 810 1034 simul
833 972 867 1032 ad
891 990 942 1033 eos
966 972 1003 1032 ab
1026 972 1156 1033 exercitu
1172 970 1260 1033 Sicu-

181 1058 278 1119 lorum
301 1060 401 1130 aiunt,
431 1068 464 1120 ut
485 1078 544 1120 una
568 1058 718 1131 omnium,
742 1057 792 1137 qui
815 1056 1024 1118 obsiderentur
1046 1056 1156 1136 quique
1178 1065 1261 1116 extra
1283 1064 1309 1113 to

182 1143 366 1205 ohsidionem
395 1145 535 1214 luissent,
565 1144 685 1204 fortuna
715 1151 809 1214 esset,
836 1160 914 1203 neue
944 1142 1026 1203 alteri
1057 1142 1178 1222 proprie
1203 1140 1261 1201 sibi

144 1240 159 1288 e
181 1229 405 1307 paciscerentur
426 1230 594 1308 quicquam.
631 1229 744 1307 recepti
766 1228 873 1289 deinde
892 1226 930 1287 ab
951 1228 997 1300 iis,
1019 1236 1054 1288 ut
1075 1227 1262 1288 necessarios

182 1314 372 1394 hospitesque
393 1314 634 1394 adloquerentur,
657 1313 806 1393 expositis,
828 1331 904 1392 quae
923 1322 1008 1393 pacta
1025 1314 1081 1373 iam
1098 1329 1165 1373 cum
1181 1311 1262 1372 llar-

181 1399 257 1460 cello
286 1399 448 1473 haherent,
475 1400 571 1460 oblata
601 1417 654 1477 spe
681 1398 784 1459 salutis
812 1398 969 1478 perpulere
1000 1417 1068 1471 eos,
1095 1404 1129 1457 ut
1158 1414 1262 1459 secum
1356 1438 1357 1459 i

182 1484 348 1563 praefectos
370 1484 507 1565 Epicydis
525 1484 701 1563 Polyclitum
720 1493 750 1544 et
764 1483 968 1545 Philistionem
984 1492 1015 1544 et
1028 1482 1190 1563 Epicyden,
1214 1482 1264 1543 cui
1286 1489 1312 1539 tt
1356 1510 1357 1563 4

144 1580 160 1630 6
181 1570 294 1630 Sindon
319 1588 485 1649 cognomen
509 1579 581 1642 erat,
603 1568 846 1648 adgrederentur.
889 1568 1054 1629 interiectis
1073 1568 1108 1629 iis
1130 1576 1161 1629 et
1181 1568 1262 1628 mul·
1356 1572 1357 1645 ἦ

182 1654 307 1715 titudine
329 1655 364 1715 ad
387 1656 558 1715 contionem
588 1662 709 1727 uocata,
739 1653 870 1733 inopiam
894 1672 1028 1733 quaeque
1051 1653 1107 1734 ipsi
1128 1653 1208 1713 inter
1230 1672 1262 1715 se
1356 1668 1357 1711 t

182 1738 309 1799 fremere
331 1740 439 1801 occulti
462 1739 539 1800 soliti
562 1748 648 1799 erant
668 1738 833 1817 conquesti,
856 1757 1036 1818 quamquam
1058 1746 1102 1800 tot
1118 1736 1193 1797 mala
1213 1758 1263 1799 ur·

182 1831 296 1903 gerent,
319 1832 468 1903 negarunt
488 1825 637 1885 fortunam
659 1825 853 1885 accusandam
878 1843 951 1899 esse,
974 1823 1053 1903 quod
1073 1824 1103 1884 in
1127 1822 1262 1903 ipsorum

145 1917 259 1971 tesset
280 1917 435 1989 potestate,
458 1909 598 1987 quamdiu
618 1927 652 1970 ea
674 1918 858 1989 paterentur.
902 1910 1044 1970 Romanis
1066 1926 1184 1969 causam
1209 1930 1263 1990 op·
1286 1916 1312 1966 to
1356 1976 1357 1999 ,

182 1994 336 2074 pugnandi
348 1995 508 2074 Syracusas
521 1994 611 2057 luisse
626 1994 778 2055 caritatem
790 1994 1051 2075 Syracusanorum,
1069 2012 1128 2055 oon
1145 1994 1263 2069 odium;

185 2097 251 2141 nam
268 2088 301 2141 ut
322 2087 482 2160 occupatas
496 2099 545 2142 res
566 2078 603 2141 ab
626 2079 800 2142 satellitibus
822 2078 1004 2153 Hannibalis,
1026 2078 1133 2141 deinde
1155 2078 1263 2143 Hiero-

184 2165 275 2246 nymi,
298 2166 479 2246 Hippocrate
494 2175 583 2244 atque
597 2165 737 2246 Epicyde,
756 2165 913 2240 audierint,
928 2174 990 2225 tum
1006 2164 1115 2226 beHum
1132 2167 1263 2229 mouisse

184 2260 214 2312 et
229 2250 366 2312 obsidere
388 2250 492 2313 urbem
516 2251 660 2330 coepisse,
682 2259 716 2312 ut
738 2251 866 2312 crudelis
887 2258 1032 2331 tyrannos
1055 2249 1127 2323 eius,
1150 2270 1214 2312 uon
1231 2263 1264 2313 ut

146 2346 161 2398 8
182 2337 276 2416 ipsam
298 2336 405 2398 urbem
426 2344 642 2416 expugnarent
680 2336 861 2416 Hippocrate
882 2353 955 2397 uero
977 2335 1167 2415 interempto,
1190 2336 1263 2417 Epi·
1285 2341 1311 2392 tt

184 2423 257 2502 cyde
279 2422 441 2484 intercluso
456 2421 493 2482 ab
509 2421 662 2502 Syracusis
677 2430 708 2482 et
721 2421 878 2500 praelectis
893 2421 957 2482 eius
973 2420 1087 2493 occisis,
1111 2419 1263 2502 Carthagi-

184 2507 338 2568 niensibus
354 2507 436 2568 omni
457 2506 647 2587 possessione
662 2506 780 2567 Siciliae
795 2516 873 2568 terra
897 2506 1031 2584 marique
1046 2505 1149 2584 pulsis,
1172 2525 1261 2585 quam

183 2610 338 2671 superesse
361 2610 477 2653 causam
501 2591 653 2665 Romanis,
676 2610 732 2653 cur
754 2611 815 2652 non
838 2590 963 2671 perinde
985 2591 1061 2652 acsi
1085 2591 1175 2652 Hiero
1199 2592 1263 2672 ipse

184 2677 321 2749 uiuereit,
343 2695 440 2738 uncus
462 2677 611 2737 Romanae
633 2677 778 2738 amicitiae
800 2676 906 2750 cultor,
929 2675 1087 2737 incolumis
1103 2675 1263 2756 Syracusas

145 2774 161 2824 9
183 2780 247 2822 esse
273 2759 390 2823 uelint?
423 2761 524 2840 itaque
545 2780 602 2822 uec
623 2761 692 2823 urbi
715 2779 771 2822 nec
793 2761 964 2822 hominibus
990 2760 1068 2822 aliud
1096 2762 1262 2840 periculum
1283 2765 1309 2814 ³⁰

185 2864 273 2924 quam
295 2846 331 2906 ab
355 2857 448 2907 semet
469 2847 542 2926 ipsis
564 2865 638 2919 esse,
660 2847 686 2908 si
710 2846 896 2908 occasionem
919 2845 1130 2908 reconciliandi
1146 2866 1177 2908 se
1201 2847 1262 2908 llo·

184 2931 280 2992 manis
301 2931 584 3010 praetermisissent;
608 2951 672 2992 eam
695 2940 802 3004 autem,
827 2931 920 3010 qualis
936 2931 985 2992 illo
1000 2940 1152 2992 momento
1171 2932 1261 2992 horae

183 3016 231 3090 sit,
255 3017 366 3077 nullam
388 3015 494 3077 deinde
516 3017 591 3089 lore,
614 3017 637 3077 si
660 3016 748 3078 simul
771 3016 907 3078 liberatas
929 3016 965 3077 ab
981 3015 1195 3097 impotentibus
1217 3025 1261 3097 ty·

184 3102 287 3164 raonis
309 3101 493 3183 apparuisset
516 3122 569 3162 ss.

273 3258 285 3309 l
305 3252 432 3321 epicyden
449 3268 503 3303 ras.
516 3269 552 3302 ea·
569 3251 711 3320 epicydens
729 3251 799 3318 Ρ116
819 3266 870 3319 que
888 3250 930 3318 Pil
943 3255 1012 3304 esset
1030 3251 1098 3318 Pili
1117 3251 1262 3304 libertatem
1356 3243 1357 3276 3

185 3339 216 3376 ac
233 3323 335 3390 legibue
350 3322 355 3388 Ι
370 3321 410 3372 uis
427 3323 452 3372 P
465 3319 504 3386 119
522 3318 553 3371 ad
573 3334 619 3372 eos
636 3321 661 3373 J.
673 3322 830 3372 Perizonius
857 3318 922 3371 adeo
940 3319 982 3386 Pd
998 3323 1025 3372 ll
1047 3319 1134 3372 alteris
1153 3321 1179 3381 Ρ,
1197 3319 1262 3381 fort.
1356 3339 1357 3342 ¹

185 3392 259 3445 alteri
277 3392 333 3442 sine
351 3389 439 3441 alteris
452 3388 462 3448 Ι
477 3391 507 3440 lb
526 3387 643 3455 epycidio
661 3389 703 3456 Pl
718 3391 748 3440 l'l
767 3387 880 3453 inopiam
899 3403 1017 3454 quaeque
1029 3386 1182 3448 Alschefski
1207 3389 1262 3440 ino·
1356 3439 1357 3446 ,

186 3457 425 3578 titulati
436 3455 1262 3590 l”twttttattttlttltttlltlltritaet'lt
1356 3547 1357 3564 ,

185 3565 256 3647 culte
267 3594 307 3660 §l
323 3596 354 3648 te
372 3563 497 3658 negarunt
509 3541 679 3658 §ynegarent
690 3592 732 3659 ΡΙΙ
746 3594 778 3645 25
796 3591 906 3660 epycide
922 3591 1010 3658 Ρ1130
1024 3561 1097 3643 ’aliud
1114 3563 1138 3644 13
1161 3563 1261 3644 {trinae
1356 3649 1357 3656 ,

187 3662 376 3780 ⁶⁰''²'⁰²'“⁸dd·³t
389 3659 1174 3794 llttbstttt'tlttlltlitltttte'ltt
1191 3661 1262 3780 itt
1356 3687 1357 3690 ‘

186 3745 302 3850 Hed'HuH
315 3812 367 3849 non
386 3802 456 3848 esset
472 3796 518 3845 uel
538 3796 564 3846 in
583 3810 673 3862 pacem
696 3794 778 3848 redire
796 3794 939 3847 dubitatum
959 3801 1028 3848 esset
1045 3797 1089 3848 uel
1105 3798 1163 3848 rim.
1174 3745 1262 3847 1biterr-
