2734 4250
212 114 254 173 56
609 112 704 167 UBER
722 110 811 179 xxvi,
828 115 869 166 47.
889 116 921 167 48
1145 141 1166 174 a.
1181 142 1202 175 u.
1216 140 1236 177 c,
1249 134 1285 174 au

212 294 318 365 gnatae
333 293 504 365 captaeque,
519 285 663 364 quaedam
678 303 747 347 cum
764 285 825 349 suis
841 284 993 359 oneribus,
1016 286 1177 359 frumento,
1191 287 1286 360 armis,

203 373 281 433 aere
304 379 454 450 praeterea
476 371 617 450 ferroque
639 380 669 431 et
688 370 788 433 linteis
809 380 840 432 et
861 380 961 451 sparto
985 380 1015 432 et
1038 371 1134 434 nauali
1157 372 1210 433 alia
1225 391 1286 434 ma-

160 468 191 520 10
213 456 286 518 teria
300 456 336 517 ad
351 456 474 517 classem
489 456 715 517 aedificandam:
732 464 765 517 ut
780 455 935 518 minimum
951 456 1084 519 omnium
1100 456 1180 519 inter
1195 466 1287 519 tantas

213 560 287 621 opes
308 540 377 602 belli
399 549 501 620 captas
523 540 668 619 Carthago
692 541 754 621 ipsa
776 541 874 603 luerit.

160 632 200 691 48
301 625 345 686 Eo
361 626 409 687 die
424 626 533 706 Scipio,
549 626 580 687 C.
599 626 696 687 Laelio
712 626 884 689 cumsociis
900 624 1055 687 naualibus
1069 625 1174 688 urbem
1190 637 1288 689 custo·
1308 640 1321 689 5

184 711 277 773 adire
305 713 401 785 iusso,
433 713 496 792 ipse
523 712 554 772 in
584 720 679 773 castra
701 712 835 792 legiones
862 709 980 773 reduxit
1006 712 1159 790 lassosque
1181 712 1288 774 milites

213 797 353 859 omnibus
374 814 437 858 uno
458 796 506 857 die
527 795 598 857 bebi
620 796 776 876 operibus,
805 796 917 876 quippe
944 796 997 875 qui
1018 804 1049 857 et
1069 797 1131 858 acie
1152 797 1287 859 dimicas·

213 892 282 944 seut
308 890 339 944 et
359 881 501 963 capienda
523 881 599 943 urbe
631 891 747 943 tantum
769 880 878 943 laboris
904 881 1089 961 periculique
1109 882 1240 945 adissent
1261 894 1289 943 et
1354 886 1355 893 ’

212 975 299 1047 capta
321 985 389 1029 cum
411 967 465 1040 iis,
492 966 597 1045 quiin
620 984 719 1028 arcem
742 968 955 1045 confugerant,
986 966 1090 1045 iniquo
1113 968 1201 1028 etiam
1223 967 1287 1030 loeo

176 1062 191 1113 t
212 1062 406 1132 pugnassent,
429 1069 534 1114 curare
548 1069 674 1132 corpora
690 1052 783 1114 iussit
821 1062 941 1131 postero
964 1051 1011 1113 die
1033 1050 1175 1114 militibus
1199 1072 1289 1115 naua·
1310 1066 1334 1113 tu

212 1136 349 1217 libusque
364 1138 452 1199 sociis
466 1138 639 1199 conuocatis
661 1138 790 1217 primum
810 1136 855 1199 dis
869 1136 1084 1198 immortalibus
1106 1137 1209 1200 laudes
1224 1156 1288 1219 gra-

212 1234 316 1303 tesque
337 1224 411 1303 egit,
440 1222 493 1302 qui
512 1242 545 1285 se
575 1241 637 1283 non
659 1221 743 1284 urbis
767 1221 863 1284 solum
893 1221 1134 1301 opulentissimae
1156 1224 1289 1285 omnium

211 1309 242 1369 in
266 1309 408 1389 Hispania
437 1327 499 1369 uno
527 1307 575 1368 die
603 1316 774 1387 compotem
802 1308 957 1380 iecissent,
986 1308 1037 1368 sed
1060 1316 1128 1369 ante
1158 1326 1194 1369 eo
1218 1327 1289 1370 con·

212 1394 376 1473 gessissent
395 1393 491 1454 omnis
506 1393 623 1454 Airicae
636 1401 726 1471 atque
741 1392 900 1472 llispaniae
923 1410 1003 1471 opes,
1025 1402 1059 1454 ut
1081 1410 1180 1472 neque
1198 1394 1289 1457 bosti-

213 1478 270 1541 bus
293 1480 451 1558 quicquam
473 1477 693 1555 relinqueretur
714 1485 745 1539 et
766 1478 822 1538 sibi
844 1496 879 1539 ac
893 1478 955 1539 suis
974 1477 1072 1538 omnia
1087 1488 1288 1557 superessent.
1310 1488 1330 1539 u

173 1564 338 1625 tmilitum
360 1564 468 1624 deinde
494 1563 636 1624 uirtutem
664 1561 871 1637 conlaudauit,
900 1562 978 1641 quod
1002 1580 1054 1624 eos
1083 1580 1143 1623 non
1170 1564 1290 1645 eruptio

212 1650 352 1723 bostium,
375 1667 437 1709 uon
459 1647 583 1708 altitudo
606 1648 771 1722 moenium,
795 1666 857 1709 non
881 1646 1064 1727 inexplorata
1086 1648 1182 1728 stagni
1207 1649 1291 1721 uada,

213 1752 274 1795 non
304 1733 456 1794 castellum
489 1733 520 1793 in
550 1732 608 1793 alto
637 1734 753 1794 tumulo
780 1732 886 1805 situm,
918 1750 981 1794 nou
1010 1732 1207 1795 munitissima
1241 1752 1290 1795 arr

212 1819 419 1892 deterruisset,
447 1836 508 1897 quo
530 1818 630 1879 minus
651 1818 899 1880 transcenderent
926 1818 1022 1879 omnia
1044 1830 1291 1899 perrumperent-

175 1912 287 1983 oque:
316 1903 416 1981 itaque
446 1920 625 1982 quamquam
648 1903 788 1966 omnibus
810 1903 910 1965 omnia
933 1902 1068 1976 deberet,
1097 1904 1292 1985 praecipuum
1312 1912 1336 1963 to

212 1987 333 2051 muralis
355 2004 483 2049 coronae
500 1988 592 2049 decus
605 1987 670 2051 eius
693 2007 765 2064 esse,
789 1988 841 2067 qui
862 1988 976 2069 primus
998 2005 1115 2049 murum
1138 1990 1291 2052 ascendis-

174 2084 190 2135 o
211 2083 272 2148 set;
294 2074 484 2155 profiteretur
505 2073 557 2154 qui
578 2090 611 2136 se
625 2072 747 2153 dignum
764 2093 800 2136 oo
818 2073 939 2136 duceret
955 2073 1044 2135 dono.
1081 2074 1141 2135 duo
1163 2076 1292 2153 professi

213 2169 299 2237 sunt,
331 2159 368 2231 Q.
391 2159 550 2221 Tiberilius
571 2159 709 2220 centurio
732 2159 856 2240 legionis
878 2167 999 2239 quartae
1023 2169 1053 2220 et
1075 2159 1141 2220 Sex.
1164 2159 1294 2240 Digitius
1353 2189 1354 2200 ¹

212 2246 311 2308 socius
333 2245 455 2307 naualis.
501 2263 557 2306 nec
584 2244 641 2324 ipsi
667 2252 729 2306 tarn
757 2247 837 2306 inter
861 2263 894 2306 se
921 2244 1030 2306 acriter
1057 2245 1292 2320 contendebant,
1353 2269 1354 2280 ¹

173 2343 189 2393 t
211 2349 300 2411 mam
321 2330 418 2392 studia
440 2330 644 2392 excitauerant
666 2338 792 2408 uterque
813 2331 859 2392 sui
882 2329 1015 2410 corporis
1037 2329 1204 2392 bominum.
1243 2351 1293 2394 so-
1313 2339 1339 2390 to

213 2417 266 2478 ciis
295 2416 326 2478 G.
350 2415 466 2478 Laelius
492 2416 661 2495 praelectus
689 2415 805 2488 classis,
834 2415 1004 2494 legionariis
1031 2414 1069 2476 ll.
1093 2415 1293 2496 Sempronius

176 2511 192 2563 8
214 2502 381 2564 Tuditanus
395 2502 503 2562 aderat.
547 2519 582 2562 ea
603 2501 757 2562 contentio
773 2517 841 2562 cum
857 2518 952 2581 prope
966 2499 1142 2561 seditionem
1162 2503 1292 2574 ueniret,

212 2587 313 2667 Scipio
336 2588 391 2648 tris
411 2595 638 2666 recuperatores
664 2603 734 2648 cum
756 2603 788 2646 se
810 2587 945 2647 daturum
969 2585 1209 2665 pronuntiasset,
1241 2589 1292 2666 qui

211 2673 330 2753 cognita
361 2689 448 2733 cansa
480 2670 664 2750 testibusque
696 2670 802 2732 auditis
830 2670 1010 2743 iudicarent,
1043 2679 1110 2732 uter
1141 2671 1227 2750 prior
1261 2673 1291 2734 in

172 2769 189 2820 9
211 2758 353 2839 oppidum
375 2755 622 2829 transcendisset,
644 2755 676 2818 C.
700 2754 800 2817 Laelio
822 2765 852 2816 et
874 2755 912 2816 ll.
935 2753 1113 2834 Sempronio
1135 2755 1292 2819 aduocatis
1312 2765 1340 2816 tt

212 2843 304 2922 partis
324 2841 480 2920 utriusque
495 2841 527 2905 Ρ.
544 2840 716 2902 Cornelium
731 2840 894 2902 Caudinum
917 2840 953 2901 de
974 2840 1070 2902 medio
1093 2839 1201 2902 adiecit
1224 2861 1292 2904 eos·

212 2945 272 3006 que
293 2927 347 2987 tris
369 2936 593 3005 recuperatores
614 2926 772 2988 considere
794 2934 824 2986 et
846 2943 964 2986 causam
987 2941 1170 3004 cognoscere
1193 2927 1290 2990 iussit.

160 3021 190 3073 10
212 3030 280 3073 cum
306 3030 355 3072 res
382 3029 418 3072 eo
447 3009 560 3072 maiore
588 3020 727 3090 ageretur
754 3009 931 3083 certamine,
962 3011 1040 3089 quod
1070 3010 1159 3071 amoti
1187 3021 1292 3074 tantae

211 3096 362 3177 diguitatis
383 3114 445 3158 non
468 3103 528 3157 tam
549 3096 683 3158 aduocati
706 3113 795 3174 quam
818 3095 1020 3157 moderatores
1033 3093 1199 3157 studiorum
1224 3098 1291 3159 lue·

211 3192 288 3256 rant,
311 3181 340 3243 Γ,
362 3181 479 3243 Laelius
500 3180 604 3242 relicto
625 3181 750 3242 consilio
767 3181 803 3242 ad
817 3179 948 3242 tribunal
963 3181 998 3242 ad
1014 3179 1185 3262 Scipionem
1203 3200 1291 3245 acce·
1313 3193 1339 3242 35

213 3269 410 3280 .-—--———

211 3329 291 3368 nanee
308 3313 376 3380 ςΙΙῙ
398 3319 524 3382 captaque
541 3314 582 3365 Σ*
597 3329 648 3382 que
666 3315 738 3382 Ρ12
756 3315 876 3367 nanrllall
891 3314 896 3380 Ι
911 3313 960 3366 alla
980 3314 1020 3380 ΡΙ,
1042 3329 1113 3366 corr.
1132 3313 1218 3381 l¹¹ll3
1237 3314 1292 3367 adi·

210 3383 337 3436 dandam
355 3382 395 3436 1²¹.
418 3399 489 3436 corr.
509 3381 594 3452 1⁸14
612 3383 672 3435 belli
696 3387 785 3450 captas
809 3383 846 3434 ΣΙ
868 3381 929 3435 belli
950 3387 1034 3435 motas
1052 3382 1084 3432 Ρι
1102 3381 1210 3435 bellicas
1229 3382 1291 3450 ΡΙ

211 3457 225 3504 '1
244 3451 366 3519 operibus
384 3452 407 3502 Ρ
422 3451 508 3519 operls
520 3450 579 3519 ΣἿΙ
595 3455 626 3504 10
638 3451 736 3503 militas
749 3451 790 3516 1²¹,
802 3467 870 3502 corr.
885 3447 939 3517 ΡῚ
954 3451 986 3504 tt
998 3450 1081 3502 omnis
1093 3449 1187 3503 aldeae
1201 3451 1226 3501 Ρ
1235 3467 1292 3503 om·

210 3521 250 3571 uls
268 3533 334 3585 pene
352 3518 430 3572 alrlce
447 3519 553 3586 Mus
570 3534 611 3570 ars
629 3518 675 3588 ΡΙ
691 3522 722 3574 19
741 3511 877 3571 deterruist
895 3517 927 3568 Ρι
945 3517 1097 3570 deunubet
1115 3516 1149 3568 Ρ
1183 3520 1218 3572 23
1237 3535 1291 3587 que

210 3586 338 3638 tiberilius
362 3587 385 3636 Ρ
408 3604 433 3655 q.
449 3586 582 3639 trebellius
606 3587 644 3637 ΣΙ
659 3587 671 3654 Ι
689 3589 722 3641 26
745 3587 836 3639 laelius
861 3585 1006 3652 praelectus
1028 3585 1119 3638 classis

209 3655 339 3722 lelinsqne
364 3660 448 3707 tectos
471 3654 562 3708 rhesis
580 3656 617 3704 Σι
639 3655 758 3724 laeliusq.
777 3655 866 3707 classis
883 3653 926 3722 ΡΒ
939 3654 1072 3720 legionarii
1091 3654 1133 3722 ΡΙ
1147 3657 1176 3708 31
1197 3669 1224 3720 p.
1244 3657 1291 3720 ΣΙ,

211 3739 261 3774 ona
280 3721 368 3839 Pyd
386 3722 418 3775 ad
436 3722 547 3775 tribunal
566 3722 603 3772 2¹⁴
626 3737 661 3776 an
682 3723 794 3776 tribunal
811 3723 908 3774 Pente
927 3721 1037 3775 tribunal
1057 3724 1098 3788 ςΙ
1112 3723 1230 3776 accendit
1250 3725 1290 3786 1³¹,

207 3809 280 3844 corr.
