2734 4250
89 133 219 178 acanus
475 117 568 170 UBER
586 117 670 183 xxm,
689 121 789 174 43-45
1104 125 1164 186 177

90 310 145 371 qua
168 293 198 352 in
215 290 386 352 societatem
409 289 624 368 amicitiamque
640 290 814 355 Hannibalis
834 294 984 368 uenirent,
1006 295 1164 359 dicturum.

90 379 124 436 ad
147 394 180 437 ea
197 375 368 437 Herennius
383 375 489 437 Bassus
508 375 661 454 respondit
683 377 792 439 multos
815 397 910 441 annos
931 381 988 440 iam
1010 381 1089 442 inter
1105 383 1163 444 llo·
1177 389 1218 445 44

90 480 209 523 manum
226 460 431 538 Nolanumque
447 460 589 539 populum
605 460 760 523 amicitiam
781 482 855 536 esse,
877 465 962 526 cuius
984 476 1107 528 neutros
1127 469 1164 529 ad

91 565 153 608 eam
183 547 261 607 diem
290 543 456 625 paenitere,
487 555 517 605 et
544 545 615 618 sibi,
643 546 759 606 sicum
790 549 908 610 fortuna
930 551 1071 612 mutanda
1092 553 1165 614 fides

56 631 188 704 afuerit,
212 648 280 692 sero
303 632 359 690 iam
381 648 445 690 esse
460 637 584 690 mutare.
622 649 659 691 an
682 631 826 694 dedituris
847 652 879 694 se
894 634 1052 696 Hannibali
1075 637 1203 700 luisset

89 716 301 777 accersendum
314 714 515 776 Romanorum
528 714 728 794 praesidium?
742 735 810 778 cum
822 718 865 788 iis,
882 719 932 797 qui
947 721 983 781 ad
994 739 1060 782 sese
1075 732 1163 783 tuen-

90 803 142 863 dos
157 801 322 870 uenissent,
345 799 442 860 omnia
461 799 515 861 sibi
532 808 561 858 et
576 818 640 861 esse
661 802 829 864 consociata
845 811 874 863 et
888 805 923 864 ad
939 805 1075 867 ultimum
1090 808 1163 868 lore.

174 885 240 947 Hoc
263 885 455 963 conloquium
477 883 596 946 abstulit
617 903 700 965 spem
717 886 873 948 Hannibali
893 907 947 966 per
968 891 1165 968 proditionem
1187 902 1202 951 t

90 971 277 1052 recipiendae
292 970 396 1043 Nolae;
416 969 514 1047 itaque
529 988 639 1030 corona
656 971 796 1050 oppidum
813 972 1014 1046 circumdedit,
1030 983 1063 1036 ut
1077 976 1164 1038 simul

43 1066 68 1116 tu
88 1057 121 1116 ab
138 1055 222 1116 omni
239 1063 321 1134 parte
336 1054 453 1115 moenia
468 1053 688 1132 adgrederetur.
726 1074 814 1134 quem
836 1067 868 1118 ut
882 1059 1059 1121 successisse
1073 1062 1166 1123 muris
1186 1072 1202 1122 4

89 1140 243 1202 blaroellus
264 1139 347 1210 uidit,
369 1140 512 1200 instructa
527 1141 604 1200 intra
621 1149 736 1218 portam
754 1141 816 1202 acie
831 1161 899 1202 cum
913 1161 1021 1222 magno
1036 1146 1164 1206 tumultu

89 1225 196 1305 erupit
234 1225 346 1303 aliquot
362 1224 457 1304 primo
473 1224 585 1302 impetn
602 1225 731 1304 perculsi
746 1226 882 1305 caesique
896 1237 981 1302 sunt;
1005 1228 1073 1290 dein
1092 1248 1165 1291 con·

88 1329 177 1371 cursu
200 1310 236 1369 ad
260 1309 421 1388 pugnantis
443 1310 520 1370 lacto
537 1310 729 1388 aequatisque
744 1310 859 1371 uiribus
881 1321 965 1372 atrox
980 1331 1045 1373 esse
1067 1316 1165 1394 coepit

90 1413 199 1474 pugna,
222 1394 480 1473 memorabilisque
502 1393 580 1454 inter
595 1413 704 1473 paucas
719 1395 830 1466 luisset,
854 1395 884 1456 ni
907 1397 1079 1476 ingentibus
1093 1418 1164 1478 pro-

44 1489 69 1538 tt
88 1481 170 1541 cellis
184 1480 296 1540 ellusus
311 1479 406 1540 imber
421 1477 586 1540 diremisset
601 1479 769 1558 pugnantis.
804 1499 839 1540 eo
859 1481 906 1542 die
929 1482 1086 1544 commisso
1102 1503 1165 1545 mo·
1186 1495 1202 1544 b

90 1565 154 1626 dico
178 1564 341 1626 certamine
364 1571 451 1642 atque
469 1564 596 1625 inritatis
617 1564 722 1624 animis
745 1564 776 1625 in
791 1565 896 1626 urbem
912 1566 1047 1639 Romani,
1070 1568 1164 1630 Poeni

90 1650 119 1710 in
150 1659 247 1710 castra
276 1657 455 1728 receperunt
479 1667 558 1710 sese:
592 1667 658 1708 nam
689 1649 857 1710 Poenorum
886 1651 979 1729 prima
1006 1653 1164 1731 eruptione

90 1735 219 1813 perculsi
241 1735 414 1795 ceciderunt
435 1734 507 1795 baut
526 1733 592 1812 plus
609 1752 697 1813 quam
713 1735 847 1814 triginta,
870 1734 995 1798 Humani
1016 1739 1164 1817 quinqua-

90 1820 179 1897 ginta.
222 1818 319 1880 imber
346 1818 506 1880 continens
534 1837 588 1897 per
615 1827 733 1878 noctem
763 1828 853 1880 totam
883 1838 977 1898 usque
1005 1823 1040 1883 ad
1063 1823 1203 1884 horama

43 1913 69 1964 a]
88 1905 202 1966 tertiam
226 1904 284 1964 diei
307 1903 491 1982 insequentis
505 1903 616 1976 tenuit;
639 1903 738 1980 itaque
757 1922 933 1982 quamquam
956 1915 1082 1984 utraque
1098 1927 1165 1988 pars

89 1989 166 2050 auidi
182 1989 353 2050 certaminis
368 1998 462 2060 erant,
479 2007 515 2048 eo
530 1987 576 2048 die
591 1996 755 2049 tenuerunt
769 2007 833 2050 sese
848 1999 946 2051 tamen
962 1993 1163 2055 munimentis.

91 2075 177 2137 tertio
200 2074 248 2135 die
264 2073 410 2136 Hannibal
433 2082 548 2154 partem
570 2073 721 2167 copiarum
740 2075 909 2153 praedatum
932 2075 963 2136 in
986 2093 1088 2153 agrum
1104 2078 1164 2140 Nc·

90 2161 190 2222 lanum
217 2158 305 2221 misit.
348 2158 428 2239 quod
456 2159 506 2219 ubi
534 2158 742 2220 animaduertit
765 2159 936 2232 Marcellus,
965 2164 1111 2241 extemplo
1135 2165 1202 2225 int

89 2247 181 2307 aciem
212 2244 312 2324 copias
339 2244 455 2317 eduxit;
486 2262 582 2321 neque
604 2242 753 2304 Hannibal
776 2244 958 2305 detractauit.
1002 2246 1081 2307 mille
1103 2248 1164 2308 fere

42 2338 67 2389 rt
88 2348 231 2409 passuum
258 2329 337 2390 inter
358 2330 462 2390 urbem
485 2338 571 2388 erant
591 2336 762 2407 castraque:
792 2346 827 2388 eo
856 2329 952 2409 spatio
973 2364 1014 2375 -
1038 2338 1068 2391 et
1095 2342 1166 2393 sunt

91 2416 188 2476 omnia
211 2415 307 2493 campi
330 2414 406 2475 circa
429 2412 530 2473 Nolam
552 2446 594 2458 -
617 2422 845 2474 concurrerunt.
888 2415 1000 2475 clamor
1025 2434 1062 2475 ex
1083 2425 1166 2495 parte
1187 2426 1203 2479 8

91 2510 216 2579 utraque
230 2499 362 2561 sublatus
377 2499 528 2579 proximos
543 2516 578 2558 ex
593 2497 766 2559 cohortibus
781 2498 825 2571 iis,
842 2500 962 2577 quaein
978 2517 1065 2578 agros
1079 2519 1164 2581 prae·
1232 2560 1239 2574 x

91 2587 188 2645 datum
218 2584 365 2656 exierant,
393 2584 428 2644 ad
458 2583 603 2662 proelium
632 2583 689 2643 iam
719 2584 909 2645 commissum
931 2585 1093 2646 reuocauit.
1138 2595 1202 2647 ete

92 2671 194 2731 Nolani
218 2670 310 2730 aciem
333 2668 494 2729 Romanam
518 2677 679 2739 auxerunt,
703 2686 777 2746 quos
799 2669 990 2731 conlaudatos
1011 2670 1165 2732 Marcellus

48 2760 72 2809 tt
90 2756 118 2814 in
140 2754 281 2816 subsidiis
303 2761 381 2814 stare
403 2761 432 2813 et
448 2752 564 2814 saucios
586 2770 620 2813 ex
642 2753 706 2812 acie
727 2754 833 2813 ellerre
855 2754 948 2827 iussit,
974 2773 1075 2835 pugna
1097 2755 1164 2817 abs-

92 2840 199 2913 tinere,
227 2838 258 2899 ni
287 2838 323 2899 ab
355 2857 387 2899 se
409 2838 527 2918 signum
550 2836 742 2916 accepissent
786 2839 933 2917 proelium
955 2851 1018 2900 erat
1039 2858 1163 2921 anceps:
1177 2844 1219 2901 ab

177 2976 188 3024 l
205 2986 282 3039 qnam
295 2970 321 3021 in
334 2969 375 3038 ΡΙ
389 2973 404 3022 5
418 2970 493 3021 luerit
506 2970 587 3021 Gran.
606 2970 689 3021 inerat
702 2970 832 3035 Pisernm
844 2970 925 3023 tiron.
940 2968 950 3036 Ι
962 2985 993 3021 an
1005 2972 1051 3023 arel
1062 2986 1118 3023 eam
1132 2986 1164 3023 an

95 3040 237 3091 Wetaamb.
256 3053 312 3089 eam
324 3040 387 3105 Pte
399 3038 580 3089 acoeesendum
593 3040 653 3103 lel
668 3039 781 3089 uenisset
794 3038 832 3105 Ρ1
843 3040 873 3091 12
886 3040 971 3103 erupit
983 3038 1017 3089 P¹
1034 3040 1102 3104 rupit
1112 3039 1165 3107 1²¹1

91 3108 194 3175 aliquod
214 3105 256 3173 ΡΙ
269 3107 404 3173 caesiquae
422 3106 462 3171 rt
485 3108 515 3159 13
535 3108 656 3173 pugnanti
676 3107 704 3170 P,
721 3106 769 3156 aad
786 3106 804 3157 ti
823 3123 858 3157 cre
874 3110 952 3170 parte
968 3122 1076 3169 arares,
1094 3122 1164 3159 corr.

92 3178 171 3228 Gran.
185 3176 196 3243 Ι
212 3178 242 3227 15
262 3174 337 3226 modo
355 3174 467 3225 Fischer
482 3189 575 3239 progr.
596 3173 688 3239 Speicr
702 3174 768 3225 1840
783 3190 810 3238 p.
826 3172 878 3239 191
894 3176 924 3227 17
944 3188 1000 3223 narn
1021 3174 1165 3225 Weissenb.

91 3245 177 3296 tarnP
206 3248 290 3294 tamen
303 3242 345 3307 §l
360 3243 390 3295 18
408 3242 552 3293 ceciderant
566 3242 713 3306 Heusinger
725 3243 735 3308 Ι
749 3243 809 3291 baut
828 3242 921 3307 plueP
946 3240 1002 3304 plus
1019 3242 1080 3295 tom.
1095 3242 1165 3305 baut)

91 3312 175 3363 Fabri
186 3315 214 3362 et
225 3310 340 3361 Flaelrar
363 3309 428 3361 band
442 3310 526 3361 minus
539 3308 687 3375 Heusinger
710 3308 821 3373 amplios
835 3308 978 3360 Weissenb.
990 3308 1063 3368 oum,
1077 3323 1166 3359 omnes

90 3398 138 3441 pro
152 3394 231 3447 quam
243 3394 294 3430 xxx
308 3380 359 3439 (ita
372 3378 403 3441 Ρ)
417 3392 476 3427 marn
489 3376 709 3429 Drakenborcbr'o
736 3375 915 3442 quadringenti
927 3377 1086 3437 scribentur
1099 3376 1165 3428 band

92 3452 149 3513 ptus
167 3462 246 3514 quam
264 3446 371 3498 trecenti
390 3448 458 3496 coni.
479 3444 559 3497 Gran.
586 3442 719 3513 (centum)
737 3444 898 3505 ceciderunt,
917 3442 983 3493 band
1002 3444 1061 3509 plue
1078 3459 1104 3510 q.
1124 3446 1166 3496 tri·

92 3518 161 3575 mata
173 3514 281 3566 romani.
310 3514 391 3565 imber
403 3514 509 3564 Harant
536 3512 653 3579 permulti
665 3529 717 3578 pro
736 3512 845 3577 perculsi
863 3517 889 3561 et
905 3510 999 3561 deindo
1010 3510 1166 3579 ceciderunt,

93 3582 161 3635 band
185 3583 243 3649 plus
266 3597 342 3649 quam
364 3582 467 3647 triginta
493 3581 597 3634 romani.
627 3581 709 3632 imber
726 3579 833 3644 Frigell
852 3578 862 3646 Ι
883 3580 1066 3646 quinquaginta
1086 3580 1167 3632 imber

95 3652 176 3701 tiron.
203 3651 268 3701 liber
287 3650 318 3701 pr
340 3650 412 3700 inber
431 3646 484 3715 paq
500 3651 529 3703 19
549 3649 635 3701 boram
655 3648 687 3699 Ρ1
713 3648 801 3699 bosam
819 3646 872 3709 P¹t
887 3651 918 3699 20
937 3648 1102 3715 insequentes
1121 3649 1169 3715 ΡΙ

94 3722 126 3770 24
138 3718 226 3771 eduxit
241 3718 272 3769 ΡΙ
297 3718 398 3769 seduxit
412 3716 443 3767 Ρι
455 3716 465 3784 ΙΙ
478 3716 579 3768 annibal
594 3716 680 3783 Pl25
694 3723 845 3783 castraquae
857 3715 900 3782 ΡΙ
912 3718 943 3767 bl
957 3716 979 3767 ie
992 3716 1033 3783 rt
1047 3718 1079 3769 28
1094 3731 1170 3784 prae·

94 3788 156 3837 liam
173 3785 215 3852 ΡΙ
227 3788 261 3838 30
279 3785 408 3838 abstinere
425 3785 450 3835 ni
469 3788 489 3849 ς
515 3785 672 3837 abstinerent
690 3784 714 3835 Ρ

146 3875 221 3921 Liuius
235 3874 266 3920 ΙΙΙ
983 3872 1014 3922 12
