2734 4250
209 141 249 198 28
600 140 695 192 LIBER
711 139 777 208 XXI,
795 143 836 194 30.
848 142 879 193 31
1152 167 1173 201 a.
1183 168 1206 200 u.
1217 167 1238 200 e.
1247 159 1287 202 5³⁶

208 314 290 394 Alpis
311 322 520 391 transgressos.
565 331 603 374 ne
625 313 751 374 maiores
772 312 892 390 quidem
913 331 1018 374 eorum
1040 312 1213 392 indigenas,
1233 313 1286 374 sed

209 399 338 460 aduenas
360 398 460 459 ltaliae
483 398 612 460 cultores
625 398 678 458 has
700 398 779 476 ipsas
793 397 876 477 Alpis
890 397 1063 475 ingentibus
1081 416 1171 477 saepe
1191 399 1285 476 agmi-

208 483 298 546 nibus
319 503 386 546 cum
408 483 510 545 liberis
532 501 566 543 ac
587 482 766 562 coniugibus
780 481 971 560 migrantium
992 482 1083 544 modo
1097 492 1162 544 tuto
1185 493 1284 545 trans·

170 578 186 628 9
206 569 331 630 misisse.
368 569 452 629 militi
475 569 594 647 quidem
609 578 722 628 armato
739 567 813 628 nihil
826 586 928 629 secum
943 576 1062 647 praeter
1084 568 1283 629 instrumenta

208 653 278 715 belli
300 653 430 733 portanti
453 653 522 733 quid
539 652 653 714 inuium
668 660 720 713 aut
738 652 974 732 inexsuperabile
996 651 1082 714 esse?
1118 653 1285 732 Saguntum
1304 664 1320 712 5

209 750 242 800 ut
263 748 428 818 caperetur,
452 739 521 817 quid
544 755 599 818 per
621 747 689 799 octo
711 756 828 799 menses
851 738 984 817 periculi,
1007 738 1078 817 quid
1100 738 1211 800 laboris
1233 757 1284 798 ex-

157 833 185 884 to
206 825 343 885 haustum
358 824 438 885 essel
467 823 601 896 Romam,
625 832 714 903 caput
729 823 810 884 orbis
826 831 983 896 terrarum,
1005 822 1177 902 petentibus
1199 824 1285 902 quic·

209 927 295 987 quam
317 909 390 970 adeo
412 927 548 988 asperum
571 917 658 986 atque
680 908 805 969 arduum
826 907 930 980 uideri,
952 908 1030 986 quod
1050 907 1204 987 inceptum
1218 927 1284 968 mo-

157 1003 184 1054 11
205 991 310 1055 retur?
338 993 453 1074 cepisse
482 993 631 1072 quondam
654 992 752 1054 Gades
780 1011 828 1064 ea,
858 1011 933 1070 quae
958 991 1031 1053 adiri
1055 1011 1143 1071 posse
1165 992 1284 1054 Poenus

208 1078 355 1158 desperet.
392 1078 519 1158 proinde
542 1087 593 1138 aut
606 1078 748 1139 cederent
769 1077 867 1138 animo
883 1084 972 1156 atque
993 1077 1103 1138 uirtute
1125 1078 1208 1156 genti
1230 1097 1286 1156 per
1307 1087 1336 1138 lb

209 1183 260 1225 eos
275 1163 336 1224 dies
350 1163 460 1226 totiens
482 1163 518 1223 ab
534 1183 566 1226 se
582 1163 677 1225 uictae
699 1175 750 1224 aut
771 1163 886 1224 itineris
900 1163 991 1223 finem
1006 1170 1131 1241 sperent
1144 1180 1284 1242 campum

208 1247 432 1312 interiacentem
455 1248 555 1309 Tiberi
577 1267 612 1310 ac
634 1247 793 1309 moenibus
814 1247 963 1309 Romanis.

155 1339 191 1395 31
295 1334 346 1396 His
361 1333 617 1396 adhortationibus
631 1334 769 1395 incitatos
790 1351 917 1411 corpora
938 1350 1044 1393 curare
1058 1341 1148 1411 atque
1170 1332 1205 1392 ad
1228 1332 1285 1392 iter

170 1429 237 1481 tse
260 1438 364 1499 parare
385 1418 477 1480 iubet.
520 1426 639 1498 postero
669 1418 717 1479 die
738 1418 890 1498 prolectas
914 1417 1037 1480 aduersa
1058 1417 1123 1497 ripa
1146 1418 1282 1478 Rhodani

207 1505 423 1582 mediterranea
439 1503 548 1565 Gadiae
572 1503 655 1584 petit,
678 1522 740 1564 non
764 1504 831 1582 quia
846 1502 956 1564 rectior
970 1502 1006 1562 ad
1021 1501 1103 1582 Alpis
1125 1502 1173 1563 uia
1194 1512 1282 1570 esset,
1306 1512 1335 1561 15

207 1590 268 1663 sed,
292 1599 468 1669 quantuma
490 1588 563 1649 mari
580 1589 759 1661 recessisset,
783 1589 881 1649 miuus
896 1588 1017 1649 obuium
1033 1588 1098 1648 lore
1113 1586 1282 1648 Romanum

169 1673 346 1748 amedeus,
374 1691 540 1751 cumque,
570 1673 742 1753 priusquam
765 1673 796 1734 in
819 1672 931 1734 ltaliam
955 1681 1079 1733 uentum
1102 1672 1195 1746 soret,
1219 1691 1281 1732 non

170 1767 270 1821 terat
297 1759 328 1819 in
357 1759 456 1818 animo
487 1776 593 1819 manus
615 1776 783 1820 conserere.
828 1759 942 1837 quartis
967 1757 1071 1819 castris
1092 1757 1129 1818 ad
1150 1757 1282 1819 Insulam

208 1843 354 1922 peruenit.
398 1842 438 1904 ibi
461 1842 539 1904 lsara
565 1843 785 1923 Rhodanusque
813 1862 916 1904 amnes
944 1842 1070 1904 diuersis
1099 1861 1135 1903 ex
1157 1841 1283 1922 Alpibus

208 1927 401 1989 decurrentes
416 1928 478 2006 agri
493 1927 675 2007 aliquantum
691 1929 818 2008 amplexi
829 1929 987 1989 confluunt
1000 1929 1030 1988 in
1046 1945 1157 2001 uuum;
1178 1927 1284 1989 mediis
1307 1937 1338 1987 zu

170 2024 186 2074 5
207 2013 319 2092 eampis
330 2012 446 2074 lnsulec
463 2032 572 2075 nornen
588 2013 725 2074 inditum.
751 2013 887 2074 incolunt
901 2032 996 2093 prope
1007 2012 1192 2093 Allobroges
1207 2031 1283 2092 gens

207 2099 264 2160 iam
287 2097 357 2160 inde
380 2098 459 2161 nulla
482 2098 590 2161 Gallica
619 2107 709 2178 gente
730 2097 838 2179 opibus
863 2108 914 2161 aut
941 2099 1018 2159 lama
1040 2098 1173 2160 inferior.
1217 2107 1284 2160 tum

169 2195 185 2245 6
207 2184 321 2245 discors
336 2194 413 2245 erat:
437 2186 521 2265 regni
544 2184 707 2246 certamine
727 2184 916 2264 ambigebant
933 2185 1055 2258 iratres;
1079 2184 1172 2245 maior
1186 2192 1217 2244 et
1231 2184 1284 2261 qui

207 2268 291 2349 prius
310 2269 500 2348 imperitaret,
522 2269 656 2331 Braneus
678 2269 810 2343 nomine,
833 2270 948 2331 minore
971 2268 1008 2330 ab
1030 2270 1119 2330 fratre
1141 2278 1172 2330 et
1193 2277 1283 2329 coetu

170 2354 365 2429 Nouiorum,
389 2355 440 2434 qni
460 2356 525 2417 iure
548 2355 656 2428 minus,
680 2355 710 2415 ui
733 2355 801 2434 plus
822 2363 953 2434 poterat,
976 2354 1152 2434 pellebatur.
1196 2353 1287 2414 huius
1309 2363 1338 2412 tt

207 2440 359 2501 seditionis
381 2448 604 2519 peropportuna
627 2439 800 2519 disceptatio
821 2458 890 2502 cum
904 2440 939 2500 ad
955 2438 1152 2500 Hannibalem
1173 2438 1285 2499 reiecta

208 2534 293 2596 esset,
316 2525 426 2586 arbiter
448 2524 532 2604 regni
547 2526 652 2597 sactus,
675 2526 755 2603 quod
770 2542 804 2586 ea
822 2533 944 2586 senatus
958 2524 1191 2603 principumque
1212 2542 1284 2586 sen·

169 2611 297 2671 utentia
319 2610 425 2683 luerat,
448 2609 605 2689 imperium
627 2610 731 2670 maiori
754 2610 892 2670 restituit.
926 2609 964 2669 ob
987 2608 1016 2669 id
1039 2608 1177 2670 meritum
1201 2626 1285 2670 com·

207 2704 306 2756 meatu
317 2694 460 2774 copiaque
469 2712 569 2755 rerum
583 2693 727 2768 omnium,
742 2695 868 2756 maxime
880 2694 982 2767 uestis,
997 2702 1041 2756 est
1052 2693 1180 2763 adiutus.
1196 2711 1285 2772 qnam

293 2862 309 2913 6
327 2864 460 2913 exaustum
473 2861 514 2925 Ρ1
529 2864 544 2913 9
562 2863 625 2913 tudo
642 2878 658 2913 a
676 2876 754 2928 posse
772 2878 856 2927 usque
872 2862 910 2913 od
922 2877 950 2927 p.
961 2861 1004 2926 39,
1015 2861 1050 2913 26
1067 2875 1118 2913 nou
1132 2874 1180 2927 pro
1192 2859 1288 2924 deficit

206 2930 248 2991 Ρ1
261 2928 352 2995 poenis
371 2930 410 2994 Οἱ,
433 2945 503 2983 corr.
524 2928 577 2995 0³ss
592 2932 620 2983 11
646 2930 730 2981 uictae
753 2937 798 2983 aut
815 2928 856 2980 r1²
873 2933 899 2980 et
920 2946 975 2980 rae.
992 2946 1028 2980 ιω
1054 2928 1163 2980 uictaset
1185 2934 1232 2980 ant
1253 2933 1286 2979 ut

207 2997 263 3049 uid.
283 2997 304 3049 0
324 2997 391 3049 uicta
409 3011 440 3049 ea
458 3002 502 3049 aut
520 2997 582 3065 M¹ll
602 3000 632 3049 15
651 2998 851 3050 mediterreauea
870 2996 915 3063 Ο1
935 3000 965 3049 rt
984 2997 1054 3063 prins
1071 3013 1126 3048 rae.
1143 3013 1179 3046 ere
1202 2997 1286 3061 prius-

207 3080 283 3131 quam
302 3064 333 3116 M
342 3064 352 3130 1
364 3065 461 3117 italiam
478 3070 584 3117 uentum
598 3064 630 3116 θ’
647 3066 718 3117 italia
736 3073 857 3117 euentum
877 3064 908 3116 Οι
925 3063 1012 3116 italiae
1030 3069 1135 3117 neotum
1153 3064 1194 3115 Μι
1212 3063 1286 3116 italia

207 3136 311 3185 uentum
329 3131 389 3199 M'll
405 3135 437 3186 18
455 3148 596 3185 comserere
611 3133 643 3184 M
650 3134 659 3199 1
675 3136 707 3186 19
724 3134 759 3184 ibi
778 3134 845 3185 isara
862 3133 1005 3184 Cluacar-ius
1031 3132 1068 3183 ibi
1086 3132 1177 3184 ararC
1187 3136 1214 3183 ot
1229 3149 1286 3184 rae.

206 3217 241 3252 ee
258 3200 365 3253 ibisarar
382 3201 412 3251 Μ
423 3200 432 3269 1
445 3201 527 3253 amnis
546 3201 595 3253 ΟΜ
604 3201 613 3267 1
628 3204 660 3254 ab
678 3201 801 3266 mediis&
817 3201 844 3251 in
862 3200 953 3253 mediis
971 3200 1023 3251 ΟΜ
1031 3200 1041 3267 1
1054 3202 1087 3252 22
1104 3199 1212 3252 interior
1229 3208 1286 3252 tom

206 3266 247 3319 dl²
263 3274 290 3319 at
301 3285 355 3321 ras.
368 3284 403 3320 ea
420 3268 525 3321 inferior
539 3270 602 3321 tumi
617 3268 638 3319 Ο
653 3268 802 3321 inferiorum
815 3268 876 3334 ΜῚ
891 3270 924 3321 tt
941 3267 1105 3335 imperitabat
1118 3267 1158 3335 Ο1
1173 3268 1285 3321 branena

208 3336 259 3388 ΟΜ
281 3338 389 3389 braneus
401 3336 485 3402 uulgm
499 3335 618 3405 ssminore
630 3352 644 3387 a
658 3337 739 3388 Valla
765 3338 862 3389 minore
875 3336 907 3387 ab
925 3339 1014 3387 neseio
1032 3339 1092 3403 quis
1101 3340 1163 3402 poet
1176 3337 1287 3389 Vallem

206 3404 289 3457 minor
307 3410 361 3457 erat
380 3405 432 3457 ΟΜ
440 3407 449 3471 11
462 3408 494 3457 25
513 3406 538 3457 ni
555 3408 575 3469 ς
603 3406 648 3471 qui
668 3405 720 3457 ΟΜ
728 3405 739 3472 11
751 3406 784 3459 tt
805 3404 949 3471 diaeptacio
968 3404 1007 3469 0¹,
1031 3421 1102 3456 corr.
1120 3404 1173 3471 ΟἾ
1187 3406 1285 3457 reiecta

207 3477 276 3524 esset
292 3477 312 3536 ς
335 3471 434 3524 delecta
452 3476 522 3525 esset
540 3472 612 3525 C¹dl¹
635 3472 790 3526 delectasset
806 3473 847 3524 Μι
875 3470 960 3524 delata
978 3480 1048 3525 esset
1066 3471 1140 3525 ow
1163 3472 1285 3539 delegata

206 3545 276 3591 esset
296 3540 434 3603 Woelfflin
446 3540 456 3607 11
470 3543 502 3593 27
521 3540 583 3607 quid
602 3539 795 3640 opserendo
813 3558 866 3593 rae.
884 3557 919 3592 ee
936 3540 1107 3593 sententiali
1127 3540 1284 3593 sententiam

208 3606 294 3675 0128
313 3608 395 3660 luerat
408 3606 450 3659 Μ2
468 3608 578 3661 loturum
593 3608 644 3660 ΟΜ
664 3609 675 3675 11
687 3609 714 3661 id
725 3611 842 3661 meritum
855 3606 896 3660 Μ’
912 3608 939 3660 id
951 3610 1085 3661 emeritum
1097 3609 1138 3659 Μι
1155 3608 1199 3661 ide
1211 3609 1286 3662 men'·

206 3681 260 3727 tum
280 3675 310 3727 Οι
328 3676 369 3727 ide
388 3676 505 3727 meritum
524 3676 577 3744 0³ss
590 3681 735 3729 commeatu
752 3692 807 3729 rae.
825 3694 859 3727 ee
880 3683 1024 3729 commeato
1037 3676 1069 3727 Μ
1087 3685 1233 3730 commeatu
1252 3678 1284 3728 Οι

207 3743 482 3863 ⁰0⁰¹}'ffi-‘fflf‘plaw
500 3743 603 3795 adiutos
621 3744 662 3795 ll!²
684 3744 769 3795 aditus
788 3744 846 3795 ΟΜΙ
859 3744 869 3811 11
888 3759 965 3810 quam
983 3747 1003 3809 ς
1024 3751 1049 3796 et
1065 3742 1133 3805 sort.
1151 3745 1192 3796 Μι
1214 3744 1284 3813 qnod
