2734 4250
223 112 284 171 194
614 111 709 163 LlBER
727 113 821 178 lllllMl,
839 114 891 166 8.9
1110 141 1131 171 ι,
1142 141 1164 170 u.
1175 130 1297 173 assesso

221 295 358 348 nostrum
382 302 587 356 censeremus,
618 303 673 344 nec
696 294 729 344 tu
751 285 779 344 id
803 284 950 362 indignari
972 303 1092 363 posses,
1117 284 1244 362 aliquem
1265 287 1294 346 iu

137 376 138 379 ’
221 372 340 432 ciuitate
356 371 485 431 Romana
510 369 660 429 meliorem
680 369 757 429 bello
775 369 878 430 baberi
901 387 988 447 quam
1004 379 1043 429 te.
1081 371 1173 447 magis
1190 369 1296 431 nullius

221 457 347 517 interest
368 474 455 535 quam
471 464 529 528 tua,
553 454 586 515 Τ.
603 453 717 526 Otacili,
742 473 801 514 nou
822 454 928 534 inponi
950 454 1118 515 ceruicibus
1140 455 1197 515 tuis
1212 475 1295 527 onus,

171 551 199 602 ts
220 540 275 603 snb
299 559 359 620 quo
382 539 530 602 concidas.
582 557 636 616 ego
658 557 841 618 magnopere
863 541 988 612 suadeo,
1018 540 1163 611 Quirites,
1193 541 1294 600 eodem

223 627 332 698 animo,
355 644 415 704 quo
430 626 454 686 si
471 622 618 685 stantibus
640 622 727 685 nobis
742 625 771 684 in
788 625 851 685 acie
866 626 984 686 armatis
1006 635 1130 703 repente
1152 625 1295 704 deligendi
1315 638 1327 685 5

223 712 281 772 duo
304 712 497 789 imperatores
520 717 627 780 essent,
649 727 776 787 quorum
799 709 891 770 ductu
913 720 1002 788 atque
1024 709 1155 787 auspicio
1178 710 1294 770 dimica-

170 805 200 856 19
220 797 302 868 retis,
325 796 411 856 bodie
434 813 553 874 qnoque
576 794 714 855 consules
736 795 851 868 creetis,
877 795 985 872 quibus
1006 804 1190 855 sacramento
1213 796 1295 856 bberi

222 882 313 944 uestri
329 881 437 955 dicant,
452 881 486 940 ad
501 896 630 958 quorum
645 880 774 940 edictum
788 880 979 954 conueniant,
994 880 1049 940 snb
1066 897 1193 958 qnorum
1209 880 1294 942 tutela

171 975 201 1026 20
223 975 310 1044 atque
332 984 403 1026 cura
426 964 561 1025 militent.
606 963 688 1025 lacus
705 963 929 1025 Trasumennus
951 975 981 1025 et
996 965 1123 1035 Cannae,
1147 965 1241 1026 tristia
1262 967 1295 1024 ad

223 1052 458 1112 recordationem
474 1049 606 1128 exempla
622 1058 667 1109 set
683 1049 717 1110 ad
734 1050 954 1127 praecauendas
969 1049 1079 1110 similes
1094 1050 1193 1111 clades
1208 1050 1296 1122 utilia,
1317 1059 1337 1109 tt

222 1138 401 1198 documento
430 1135 498 1196 sint.
543 1151 667 1212 praeco,
698 1134 859 1195 Aniensem
887 1134 1038 1195 iuniorum
1066 1135 1096 1194 in
1123 1136 1294 1213 suffragium

185 1211 347 1283 dreuoca?
394 1239 461 1281 cum
485 1220 519 1280 T.
543 1218 683 1280 Otacilius
706 1219 845 1279 ferociter
872 1237 940 1279 eum
963 1220 1138 1280 continuare
1160 1221 1295 1282 consula·

221 1317 282 1368 tum
299 1307 377 1366 uelle
394 1305 608 1366 uociferaretur
622 1313 711 1382 atque
727 1313 922 1382 opstreperet,
945 1304 1064 1364 lictores
1078 1305 1114 1365 ad
1129 1323 1198 1365 enm
1214 1323 1295 1365 acce-

184 1393 290 1453 tdere
313 1391 419 1452 consul
440 1390 524 1450 iussit
546 1398 584 1460 et,
608 1388 676 1466 qnia
700 1389 730 1448 in
754 1387 857 1449 urbem
882 1407 942 1450 non
965 1389 1080 1462 inierat,
1105 1390 1244 1469 protinus
1264 1389 1292 1450 iu

221 1495 358 1556 campum
387 1495 423 1535 ex
451 1475 557 1535 itinere
584 1474 752 1553 proiectus,
783 1473 935 1533 admonuit
965 1493 1031 1534 cnm
1060 1475 1215 1536 securibus
1243 1475 1295 1534 sibi
1315 1483 1340 1532 15

184 1571 199 1620 3
221 1562 314 1623 lasces
329 1560 482 1641 praeterri.
520 1558 639 1618 interim
655 1559 860 1636 praerogatiua
875 1559 1047 1636 suffragium
1064 1559 1127 1630 init,
1146 1558 1294 1637 creatique
1351 1558 1352 1561 ’

221 1647 252 1706 iu
276 1665 310 1706 ea
332 1644 470 1706 consules
493 1643 527 1714 Q.
544 1643 651 1703 Fabius
675 1643 817 1704 Maximus
839 1653 977 1723 quartum
1000 1644 1037 1704 M.
1061 1644 1217 1705 Marcellus
1236 1653 1294 1704 ter-

220 1731 305 1791 tium.
349 1730 466 1790 eosdem
490 1728 627 1788 consules
652 1736 767 1788 ceterae
790 1729 942 1789 centuriae
968 1729 1032 1789 siue
1055 1729 1218 1790 uariatione
1240 1728 1294 1790 ulla

183 1825 198 1875 4
220 1815 367 1876 dixerunt.
412 1822 442 1873 et
463 1823 582 1893 praetor
605 1831 683 1873 unus
706 1813 835 1874 relectus
857 1813 892 1884 Q.
916 1813 1039 1874 Fuluius
1061 1814 1201 1889 Flaccus,
1225 1814 1293 1874 noui

221 1899 268 1960 alii
292 1898 391 1971 creati,
407 1898 440 1957 Τ.
458 1897 597 1958 Otacilius
613 1897 736 1958 Crassus
751 1897 867 1971 iterum,
891 1898 926 1969 Q.
943 1898 1049 1960 Fabius
1063 1900 1195 1960 consulis
1210 1899 1292 1968 lilius,
1312 1906 1352 1956 tt?

183 1995 198 2044 t
221 1984 357 2064 quitum
380 1982 481 2044 aedilis
504 1982 615 2044 curulis
636 1993 712 2055 erat,
741 1982 772 2042 P.
796 1983 951 2044 Cornelius
974 1983 1127 2044 Lentulus.
1171 1983 1294 2044 comitiis
1351 1981 1352 2053 l

220 2077 390 2151 praetorum
413 2068 554 2148 perlectis
575 2075 696 2129 senatus
724 2068 892 2128 consultum
923 2069 1049 2141 lactum,
1077 2077 1110 2129 ut
1131 2067 1168 2139 Ο.
1192 2067 1293 2130 Fuluio
1351 2102 1352 2134 ÷

221 2165 301 2216 extra
324 2154 458 2215 ordinem
483 2154 595 2214 urbana
619 2152 772 2230 prouincia
796 2162 888 2227 esset,
910 2154 995 2232 isque
1016 2154 1202 2233 potissimum
1224 2173 1293 2215 cou-
1351 2161 1352 2206 Ξ

182 2250 198 2300 6
219 2239 331 2303 sulibus
354 2240 388 2299 ad
412 2239 521 2299 bellum
544 2238 685 2318 profectis
708 2237 775 2298 urbi
798 2249 955 2318 praeesset.
992 2256 1086 2317 aquae
1105 2256 1230 2316 magnae
1251 2238 1294 2297 bis

220 2344 254 2386 eo
271 2344 352 2386 anuo
368 2325 500 2393 luerunt,
523 2322 699 2400 Tiberisque
714 2341 801 2400 agros
817 2322 972 2384 inundauit
987 2341 1055 2384 cum
1071 2342 1178 2402 magua
1201 2334 1294 2401 strage
1312 2330 1336 2379 ta

219 2420 366 2472 tectorum
389 2426 592 2488 pecorumque
614 2415 643 2468 et
666 2407 820 2468 bominum
843 2408 984 2486 pernicie.

182 2506 197 2553 't
303 2495 415 2566 Quinto
431 2512 511 2554 anno
527 2492 649 2553 secundi
667 2492 771 2553 Punici
789 2491 857 2552 belli
874 2492 909 2563 Q.
926 2492 1034 2553 Fabius
1050 2492 1194 2554 Maximus
1208 2511 1292 2573 qnar-

219 2589 281 2641 turn
303 2579 343 2639 M.
367 2578 504 2639 Claudius
527 2577 681 2637 Marcellus
710 2578 829 2638 tertium
856 2578 1042 2638 consulatum
1070 2578 1209 2639 ineuntes
1231 2580 1293 2657 plus

219 2664 305 2725 solito
330 2670 542 2723 conuerterant
563 2662 593 2722 in
617 2680 648 2723 se
671 2661 798 2723 ciuitatis
819 2662 949 2722 animos:
979 2662 1078 2724 multis
1106 2663 1187 2724 enim
1210 2662 1292 2723 annis

219 2829 262 2895 plo
280 2844 334 2879 rae.
354 2843 388 2877 ea·
405 2827 536 2893 extemplo
554 2827 601 2895 ΡΙΙ
621 2828 635 2879 3
657 2832 674 2879 t
693 2827 781 2878 otacili
799 2828 831 2879 Ρι
862 2843 878 2878 o
896 2828 954 2879 acili
972 2827 1007 2879 Ρ
1018 2828 1059 2895 fil
1075 2828 1172 2880 suadeo
1191 2828 1293 2897 quirites

219 2899 288 2947 coni.
305 2895 447 2948 Weissend.
461 2898 555 2957 (etiam
568 2895 663 2947 suadeo
682 2896 790 2962 quirites
807 2898 836 2946 ut
850 2898 981 2960 conicias)
994 2896 1142 2963 suadeoque
1153 2899 1177 2948 P
1199 2895 1291 2948 suadeo

218 2964 264 3015 uel
280 2963 376 3015 suadeo
395 2966 423 3014 ut
441 2966 460 3027 ς
494 2963 590 3014 suadeo
615 2977 760 3029 moneoque
777 2963 866 3015 Maur.
883 2964 997 3015 Mueller
1031 2980 1124 3015 moneo
1148 2964 1292 3029 suadeoque

217 3029 370 3091 Alschefski
395 3045 440 3081 oro
459 3030 606 3097 suadeoque
619 3030 701 3081 Hertz
714 3032 724 3098 Ι
737 3035 752 3083 5
771 3047 823 3097 quo
841 3033 903 3091 (om.
916 3033 947 3093 sil
960 3031 1004 3083 nel
1015 3033 1088 3099 quasi
1103 3031 1130 3083 0.
1142 3031 1173 3083 b.
1187 3032 1291 3093 Baarerfl

218 3102 239 3153 si
258 3099 397 3152 letantibus
415 3098 455 3163 Pl
469 3098 549 3149 aciem
567 3099 610 3166 ΡΙΙ
623 3099 748 3164 diligendi
767 3101 790 3150 P
807 3098 844 3167 18
863 3103 890 3150 at
907 3100 949 3167 ΡΙΙ
963 3100 1073 3151 edictum
1092 3116 1146 3152 roe.
1165 3116 1200 3149 aar
1217 3098 1291 3149 tedic-

217 3173 272 3221 tum
290 3167 365 3235 Ρ119
383 3167 570 3229 tbrasnmElnus
588 3169 612 3218 P
626 3165 636 3234 ll
649 3170 681 3219 10
700 3166 815 3231 exempla
834 3174 875 3219 set
891 3167 925 3217 Ρ1
952 3168 1082 3234 exemplar
1099 3172 1126 3218 et
1143 3166 1203 3231 ΡΙΙ
1223 3180 1291 3232 prae-

217 3235 330 3290 cauenda
350 3237 378 3301 P,
403 3250 472 3287 corr.
491 3235 585 3286 Stroth
606 3235 616 3297 ΙΙ
638 3235 842 3301 praecauendum
861 3234 945 3286 simile
963 3240 983 3299 ς
1003 3235 1013 3302 fl
1034 3234 1121 3287 clades
1138 3234 1210 3286 utilia
1228 3231 1290 3284 Md.

217 3305 329 3357 Mueller
356 3304 429 3355 utilia
452 3302 538 3354 clades
559 3302 703 3356 Weiseand.
731 3302 817 3353 clades
835 3302 912 3353 utiles
929 3303 1041 3369 Madvig
1068 3303 1145 3355 utiles
1162 3302 1187 3353 P
1209 3301 1289 3353 clades

216 3373 311 3437 Fabri,
326 3371 414 3423 clades
427 3371 570 3422 adsimiles
581 3374 686 3433 prinam
698 3371 835 3422 Strotdtue
847 3371 968 3435 intellege·
979 3374 1066 3435 iussit,
1078 3370 1151 3422 utilia
1164 3375 1184 3434 ς
1207 3368 1289 3421 clades

217 3441 315 3493 similes
333 3440 404 3491 utilia
421 3441 514 3505 posuit
531 3437 612 3488 Marta
625 3437 635 3505 ΙΙ
650 3441 679 3491 11
699 3438 850 3490 documenta
870 3439 977 3505 §lsint
992 3442 1090 3503 scripu·
1106 3439 1165 3489 Em.
1181 3437 1240 3488 biae.
1252 3433 1291 3485 111

218 3510 252 3561 16
260 3526 298 3574 eq.
326 3512 386 3559 snut
403 3509 427 3558 P
442 3508 452 3570 11
470 3507 677 3573 praeconiensern
696 3505 741 3573 Pl
764 3509 793 3557 tl
813 3507 874 3557 urbe
893 3508 941 3573 Pp
962 3508 994 3559 16
1011 3509 1102 3558 iterum
1124 3506 1179 3557 Oct.
1197 3506 1289 3555 rante
1351 3567 1352 3570 Ἴ

214 3577 314 3641 gattos
351 3578 381 3627 l'l
400 3590 425 3640 q.
444 3574 477 3623 Ρ2
502 3589 551 3641 que
568 3574 601 3626 Ρι
613 3574 623 3641 ΙΙ
638 3577 669 3627 19
687 3576 706 3641 q
724 3572 757 3624 Ρ
783 3573 1230 3642 queP¹l2tlaliP124aquae3
1254 3572 1290 3620 at·
1351 3631 1352 3638 ἵ

218 3658 269 3709 que
286 3644 309 3693 P
360 3642 398 3692 bis
416 3642 448 3693 P¹
475 3642 542 3693 nibis
559 3641 594 3693 Ρι
613 3647 622 3706 ΙΙ
646 3644 678 3695 25
696 3641 839 3693 inundauit
857 3641 890 3692 Ρ1
915 3644 1071 3694 sinnrndanit
1089 3642 1121 3692 Ρι
1143 3646 1153 3705 Ι
1173 3643 1204 3692 26
1222 3645 1247 3691 et
1263 3640 1289 3700 ς.

217 3708 327 3829 0311.ssss
335 3712 371 3789 ,ΡΙ
392 3710 480 3825 qfflnw
499 3710 535 3759 P²
562 3710 667 3776 quincto
685 3709 717 3760 P¹
735 3712 782 3776 lq.
802 3708 835 3759 P'
860 3725 911 3776 que
928 3711 986 3778 ΡῚ
1007 3713 1039 3763 29
1057 3709 1176 3762 ciuitates
1195 3707 1287 3774 Plan-

217 3794 257 3831 ms
335 3792 384 3829 rms
