2734 4250
109 164 132 194 a.
144 150 240 194 cunm
527 131 621 185 LIBER
639 132 713 199 ΧΧΙΙ,
732 137 784 187 8.9
1147 133 1186 192 71

109 307 208 379 batur,
232 324 291 367 neo
313 325 367 384 per
389 314 563 384 occupatam
583 304 671 364 armis
687 305 808 366 Punicis
824 305 934 367 ltaliam
956 307 1041 368 lacile
1055 316 1118 368 erat
1139 316 1189 370 aut

109 393 252 453 nuntium
276 401 327 451 aut
348 390 459 451 litteras
481 390 556 451 mitti
572 392 639 466 [nec
657 388 830 451 dictatorem
846 391 958 471 populo
981 410 1084 453 creare
1105 402 1189 472 pote·
1210 403 1227 453 6

108 479 181 554 rat]‚
212 475 294 555 quod
318 493 478 554 numquam
502 483 571 535 ante
594 491 657 534 eam
680 474 757 535 diem
779 476 888 537 lactum
911 486 988 552 erat,
1016 477 1188 539 dictatorem

107 561 242 642 populus
272 561 382 622 creauit
413 559 448 631 Q.
464 559 587 620 Fabium
610 558 768 620 Maximum
797 570 826 622 et
854 562 1028 640 magistrum
1056 563 1189 642 equitum

68 648 148 708 tM.
164 645 330 708 Minucium
353 644 476 721 Rufum3
505 645 599 724 iisque
629 645 781 723 negotium
812 644 849 706 ab
878 656 982 708 senatu
1011 646 1128 720 datum,
1157 658 1226 709 utt

106 750 216 794 muros
237 740 396 809 turresque
411 728 494 791 urbis
509 731 661 791 firmarent
683 739 713 789 et
730 730 874 809 praesidia
896 732 1100 812 disponerent,
1123 734 1189 812 qui·

106 817 167 878 bus
194 817 270 878 locis
296 815 463 889 uideretur,
501 825 668 894 pontesque
695 815 900 878 rescinderent
927 817 1098 879 fluminum:
1134 836 1189 898 pro

106 903 187 964 urbe
209 919 244 962 ac
266 899 424 980 penatibus
446 900 644 962 dimicandum
667 918 741 973 esse,
765 901 883 979 quaudo
901 901 1013 963 ltaliam
1036 903 1111 963 tueri
1135 922 1189 964 ne·

105 989 256 1067 quissent.

54 1086 81 1134 tu
196 1070 348 1132 Hannibal
368 1079 450 1131 recto
476 1069 582 1130 itinere
604 1086 659 1148 per
680 1068 828 1130 Vmbriam
851 1089 946 1150 usque
969 1071 1004 1131 ad
1024 1071 1187 1151 Spoletium
1206 1074 1225 1129 9

106 1159 204 1218 uenit.
243 1154 315 1216 inde
336 1173 404 1215 cum
426 1155 621 1235 perpopulato
648 1172 720 1232 agro
743 1153 845 1216 urbem
874 1174 1049 1236 oppugnare
1071 1157 1191 1218 adortus
1212 1165 1227 1214 2

106 1253 199 1314 esset,
223 1258 292 1301 cum
314 1258 420 1319 magna
436 1240 525 1300 caede
544 1257 666 1314 suorum
689 1238 836 1319 repulsus,
859 1241 1029 1302 coniectans
1051 1259 1087 1302 ex
1103 1241 1192 1303 unius

106 1326 249 1388 coloniae
271 1325 349 1386 baud
375 1343 519 1404 prospere
547 1333 705 1403 temptatae
733 1323 859 1400 uiribus,
885 1335 995 1404 quanta
1015 1327 1109 1387 moles
1130 1326 1190 1387 Ro-

106 1430 219 1473 manae
242 1410 326 1472 urbis
348 1421 443 1484 esset,
465 1411 495 1469 in
519 1427 621 1488 agrum
645 1409 787 1470 Picenum
813 1412 922 1472 auertit
943 1410 999 1471 iter
1021 1429 1082 1472 non
1106 1413 1190 1491 copia
1213 1420 1228 1469 t

54 1509 83 1560 ιιι
106 1498 209 1560 solum
223 1496 323 1556 omnis
344 1495 463 1574 generis
477 1495 596 1573 frugum
616 1494 817 1555 abundantem
840 1495 892 1557 sed
913 1496 1058 1557 refertum
1073 1497 1190 1576 praeda,

107 1601 201 1662 quam
218 1582 312 1642 effuse
327 1580 405 1641 auidi
425 1589 513 1658 atquc
535 1590 657 1658 egentes
678 1578 842 1658 rapiebant.
879 1580 919 1641 ibi
935 1599 990 1659 per
1004 1582 1066 1642 dios
1080 1581 1193 1660 aliquot
1213 1590 1229 1639 t

106 1669 218 1729 statiua
241 1665 350 1737 habita,
373 1665 561 1743 refectusque
575 1664 660 1726 miles
681 1662 815 1725 bibernis
836 1665 993 1727 itineribus
1014 1685 1048 1726 ac
1066 1666 1190 1745 palustri

108 1753 158 1812 nia
183 1751 361 1832 proelioque
383 1749 476 1829 magis
491 1751 525 1810 ad
542 1758 683 1810 euentum
701 1749 834 1811 secundo
856 1768 944 1829 quam
967 1751 1027 1812 leni
1049 1759 1100 1813 aut
1114 1751 1191 1813 iacili

107 1837 258 1898 adlectus.
302 1833 353 1895 ubi
382 1835 452 1896 satis
480 1834 586 1913 quietis
615 1833 715 1895 datum
744 1835 852 1913 praeda
882 1853 916 1895 ac
950 1836 1230 1915 populationibust

55 1933 84 1984 a]
106 1923 204 2002 magis
219 1939 310 2000 quam
327 1921 386 1981 otio
402 1929 453 1980 aut
467 1919 571 1998 requie
585 1918 791 1997 gaudentibus,
807 1920 959 1998 proiectus
972 1921 1192 1983 Praetutianum

108 2007 359 2084 Hadrianumque
374 2021 493 2082 agrum,
516 2003 629 2066 Marsos
651 2002 721 2064 iude
736 2004 978 2085 Marrucinosque
992 2015 1023 2066 et
1037 2006 1192 2085 Paelignos

107 2093 250 2154 deuastat
277 2090 415 2169 circaque
435 2090 531 2169 Arpos
560 2098 590 2150 et
618 2089 773 2151 Luceriam
801 2089 964 2171 proximam
993 2090 1115 2171 Apuliae
1143 2111 1192 2153 re-

108 2180 246 2257 gionem.
285 2174 338 2237 Cn.
356 2175 499 2235 Seruilius
521 2174 626 2235 consul
649 2173 765 2236 leuibus
781 2175 902 2254 proeliis
917 2192 984 2237 cum
1000 2176 1089 2238 Gallis
1111 2178 1195 2239 iactis
1215 2187 1231 2237 6

109 2274 141 2323 et
164 2280 230 2324 uno
254 2261 364 2341 oppido
379 2258 504 2338 ignobili
518 2268 687 2340 expugnato
709 2268 866 2340 postquam
883 2260 919 2320 de
934 2259 1064 2340 collegae
1079 2262 1192 2323 exerci-

60 2357 87 2407 τι
108 2358 223 2425 tusque
238 2345 328 2407 caede
344 2344 464 2419 audiuit,
487 2344 544 2405 iam
559 2344 719 2406 moenibus
733 2344 846 2423 patriae
861 2353 1007 2419 metuens,
1023 2364 1062 2406 nc
1076 2346 1194 2408 abesset

110 2435 141 2493 in
167 2430 342 2493 discrimine
365 2438 507 2504 extremo,
531 2428 566 2491 ad
589 2428 695 2491 urbem
717 2430 775 2490 iter
795 2428 931 2490 intendit.

202 2516 238 2587 Q.
255 2514 364 2576 Fabius
385 2514 528 2575 Maximus
557 2514 683 2575 dictator
706 2515 812 2575 iterum
835 2532 895 2594 quo
918 2514 966 2575 die
992 2514 1194 2592 magistratum
1215 2526 1230 2575 t

112 2602 182 2662 iniit
203 2610 310 2662 uocato
333 2608 448 2673 senatu,
471 2597 508 2659 ab
531 2598 585 2661 diis
608 2617 703 2672 orsus,
728 2616 796 2659 cum
818 2598 985 2661 edocuisset
1005 2607 1105 2679 patres
1127 2600 1194 2679 plus

112 2685 304 2765 neclegentia
333 2685 579 2746 caerimoniarum
613 2684 872 2763 auspiciorumque
908 2702 995 2763 quam
1029 2685 1194 2746 temeritate

64 2780 90 2829 tt
111 2782 205 2850 atque
234 2770 351 2831 inscitia
378 2779 533 2849 peccatum
559 2787 575 2828 a
598 2769 629 2831 C.
652 2768 796 2829 Flaminio
822 2769 944 2831 consule
967 2787 1031 2831 esse
1058 2788 1195 2850 quaeque

203 2992 220 3040 'l
240 2988 301 3039 baut
315 2987 357 3053 Pll
370 3002 458 3039 nec—
468 2990 569 3053 poterat
586 2988 615 3051 P,
633 2986 682 3038 del.
695 2986 840 3037 Mommsen
853 2986 909 3039 ort
921 2986 946 3036 1¹
956 3002 983 3051 p.
995 2986 1054 3051 288,
1073 2985 1108 3047 cs.
1120 2985 1194 3038 Rom.

117 3057 233 3109 Staatsr.
252 3053 575 3121 miscellaneam
594 3071 628 3104 aa
646 3054 797 3106 dictaturam
812 3056 843 3107 Ρ1
857 3054 974 3121 Ιροριιῐο
988 3055 1020 3105 Ρ1
1037 3053 1149 3121 populus
1162 3055 1196 3106 P'

116 3130 221 3189 praetor
236 3094 380 3176 Weissm'o.
402 3122 499 3189 populo
501 3122 589 3241 §non
592 3122 711 3173 consulto
725 3121 846 3203 senatus)
858 3121 990 3190 Madvig!
1004 3125 1019 3173 3
1031 3137 1144 3189 numqua
1156 3121 1196 3189 ΡΙΙ

117 3196 131 3244 l
151 3208 199 3260 pro
217 3192 282 3243 urbe
300 3206 329 3243 ac
346 3190 483 3257 penatibus
527 3190 589 3241 adri
620 3204 650 3241 ac
666 3190 819 3257 paenalibus
837 3205 882 3257 pro
900 3190 963 3242 urbe
981 3190 1005 3240 P
1021 3190 1031 3256 l
1052 3193 1082 3242 to
1101 3204 1146 3255 per
1162 3192 1197 3241 1²²

117 3276 158 3311 rer
177 3259 209 3310 Ρ1
229 3258 239 3327 ΙΙ
256 3259 381 3310 umbriam
399 3276 433 3309 aa
449 3258 587 3310 rumbrlam
605 3257 637 3308 P¹
653 3256 663 3324 l
678 3259 708 3309 13
727 3258 794 3309 baud
812 3262 831 3322 ς
851 3257 994 3309 Weosano.
1008 3261 1102 3322 postea
1128 3256 1196 3309 baud

118 3328 248 3379 minueP
271 3324 338 3378 baud
365 3341 426 3379 saue
447 3327 590 3379 Weissenb.
609 3327 672 3377 olim
700 3325 768 3377 baud
786 3326 849 3377 satia
866 3325 953 3393 Pauly
972 3326 1039 3375 Oast.
1055 3324 1149 3391 Gymrc
1162 3325 1196 3377 27

119 3396 211 3459 (1876)
225 3394 275 3446 261
303 3394 370 3446 haud
388 3394 464 3447 nimis
481 3398 500 3459 ς
527 3393 594 3446 baud
612 3394 738 3445 maximae
755 3394 859 3445 minime
876 3393 986 3457 Madvig
999 3392 1009 3459 Ι
1021 3396 1143 3458 temptate
1156 3393 1197 3460 ΡΠ

122 3466 152 3517 lb
171 3462 268 3516 effusae
286 3462 329 3529 ΡΒ
342 3462 425 3529 adque
442 3462 484 3528 ΡΙΙ
501 3460 605 3543 aliquod
624 3462 671 3528 Pl
690 3464 720 3513 17
740 3461 920 3596 pretectpsque
939 3461 978 3525 P¹,
996 3476 1066 3512 corr.
1084 3460 1139 3528 P²ll
1152 3476 1198 3527 pa·

121 3528 682 3597 lustriaP¹‚corr-.P¹l19quietisGron.
711 3527 1200 3663 quietiPlpraedaaappacdean

121 3598 402 3667 lopracputiauumP
421 3612 492 3649 corr.
493 3546 673 3664 anbelltousll
688 3599 717 3649 21
664 3596 964 3677 libadrianumqueg
945 3597 1021 3660 ςΙιι
1053 3598 1175 3648 ianumP

123 3668 300 3733 marruginosq
302 3680 334 3717 ue
352 3666 376 3716 P
391 3666 401 3731 l
419 3666 451 3718 23
474 3664 591 3717 laeuibus
603 3665 756 3745 Pqprolis
774 3666 806 3715 P¹
833 3664 923 3731 prvlria
940 3662 975 3714 Ρ2
992 3662 1001 3729 ΙΙ
1021 3664 1095 3715 lactis
1115 3604 1200 3714 Gran.

123 3734 186 3854 pptnu
195 3734 294 3869 IP'llatot
302 3732 475 3870 'gwlliffiiopll
486 3736 518 3786 29
536 3732 761 3798 auspiciorumque
783 3746 860 3799 quam
878 3736 896 3796 ς
915 3732 1044 3795 Sigonius
1070 3729 1199 3796 auspicio·
