2734 4250
181 100 243 160 250
603 100 698 153 LIBER
716 100 794 167 XXV,
812 105 828 155 9
1130 129 1183 161 Μ,
1194 120 1266 162 2542

182 276 300 338 milibus
314 273 446 355 peditum
460 280 548 353 atque
563 273 705 353 equitum,
729 291 804 352 quos
824 273 856 334 in
871 271 1090 352 expeditionem
1105 275 1265 336 uelocitate

78 377 80 382 “
138 356 140 360 ⁴
183 379 343 441 corporum
359 379 393 421 ac
407 359 526 422 leuitate
545 377 695 420 armorum
711 358 878 438 aptissimos
893 377 958 420 esse
977 366 1060 421 ratus
1074 368 1127 433 est,
1151 360 1264 434 electis,

146 455 284 527 aquarta
307 446 406 526 uigilia
430 444 525 507 noctis
547 445 631 524 signa
654 445 750 505 mouit
770 443 998 523 praemissisque
1027 444 1178 524 octoginta
1200 447 1265 507 lere

182 531 315 594 Numidis
337 530 488 610 equitibus
509 529 670 610 praecepit,
693 537 727 590 ut
748 529 951 591 discurrerent
976 528 1055 590 circa
1077 530 1140 592 nias
1161 531 1266 610 perlu-

183 626 371 696 strarentque
394 615 492 676 omnia
515 615 623 690 oculis,
654 634 692 676 ne
715 615 782 694 quis
804 614 963 694 agrestium
986 614 1093 694 procul
1113 623 1308 694 spectatore

146 713 161 762 t
182 702 309 782 agminis
330 701 459 762 falleret:
482 717 673 779 praegressos
687 701 883 774 retraherent,
906 698 1013 762 obuios
1028 700 1208 773 occiderent,
1232 712 1268 762 ut

184 787 368 868 praedonum
391 786 485 863 magis
507 803 602 864 'qnam
625 785 773 847 exercitus
800 784 909 847 accolis
933 785 1048 864 speeies
1070 794 1156 847 esset
1200 786 1268 867 ipse

184 872 290 953 raptim
315 871 432 950 agmine
453 879 519 932 acto
543 870 713 950 quindecim
741 870 835 931 terme
858 869 972 930 milium
993 870 1088 950 spatio
1109 879 1204 932 castra
1227 871 1267 932 ab

147 968 162 1018 1
184 958 313 1019 Tarento
336 956 450 1036 posuit;
475 965 504 1017 et
526 974 564 1017 ne
586 954 626 1016 ibi
649 955 769 1034 quidem
791 955 981 1029 denuntiato,
1011 973 1071 1034 quo
1092 967 1269 1037 pergerent,

184 1052 300 1104 tantum
316 1050 498 1103 conuocatos
513 1040 621 1102 milites
643 1041 769 1113 monuit,
791 1040 840 1102 nia
855 1058 959 1102 omnes
980 1040 1061 1101 irent
1078 1059 1135 1103 nec
1150 1041 1269 1104 deuerti
1293 1054 1326 1105 11

186 1145 363 1208 quemquam
387 1135 438 1187 aut
452 1125 595 1188 excedere
609 1126 716 1187 ordine
738 1126 864 1205 agminis
882 1134 1057 1205 paterentur
1070 1134 1102 1187 et
1115 1127 1147 1187 in
1162 1127 1272 1207 primis

185 1212 294 1275 intenti
316 1213 352 1274 ad
368 1212 490 1291 imperia
514 1211 683 1290 accipienda
700 1219 801 1272 essent
817 1229 877 1272 neu
893 1210 963 1289 quid
979 1211 1036 1273 nisi
1058 1209 1169 1273 ducum
1184 1213 1271 1275 iussn

149 1299 331 1360 eiecerent:
361 1316 393 1359 se
422 1297 452 1358 iu
481 1305 616 1376 tempore
645 1295 809 1370 editurum,
839 1314 915 1375 quae
942 1297 1034 1358 uellet
1061 1297 1117 1376 agi.
1163 1297 1269 1360 eadem

186 1385 279 1445 ferme
292 1383 367 1443 bora
382 1382 544 1443 Tarentum
559 1382 634 1442 lama
656 1390 855 1461 praeuenerat
868 1380 1010 1443 Numidas
1026 1382 1141 1460 equites
1155 1400 1271 1462 pancos

150 1478 165 1529 1
185 1469 320 1550 populari
343 1485 429 1547 agros
451 1476 657 1545 terroremque
679 1467 737 1528 late
757 1465 923 1546 agrestibus
937 1466 1083 1528 iniecisse.
1119 1466 1156 1527 ad
1178 1486 1272 1547 mem
1300 1477 1333 1528 15

187 1554 325 1615 nuntium
342 1552 415 1614 nibil
429 1553 506 1613 ultra
521 1560 620 1613 motus
634 1553 802 1632 praefectus
816 1551 978 1625 Romanus,
1001 1568 1090 1631 quam
1104 1561 1139 1614 ut
1151 1562 1272 1632 partem

187 1638 319 1718 equitum
349 1644 469 1717 postero
500 1637 546 1698 die
574 1637 641 1698 luce
670 1636 766 1717 prima
793 1636 911 1698 iuberet
936 1637 1018 1698 exire
1047 1637 1082 1698 ad
1104 1637 1272 1701 arcendum

150 1734 164 1781 1
186 1721 428 1803 populationibus
449 1723 581 1798 bostem;
603 1722 634 1782 in
658 1731 756 1783 cetera
771 1722 843 1783 adeo
859 1722 933 1784 nibil
955 1722 992 1783 ab
1008 1742 1044 1784 eo
1067 1723 1182 1784 intenta
1197 1742 1274 1786 cura

187 1817 241 1881 est,
263 1815 416 1868 utcontra
438 1825 494 1887 pro
510 1816 685 1887 argumento
701 1807 791 1869 suerit
810 1807 857 1868 illa
872 1808 1059 1887 procursatio
1074 1807 1274 1871 Numidarum

150 1891 382 1953 &Hannibalem
412 1892 634 1972 exercitumque
664 1911 680 1953 e
709 1887 821 1953 castris
842 1912 904 1954 uon
932 1893 1071 1955 mouisse.
1119 1893 1276 1957 Hannibal
1300 1905 1334 1956 2⁰

188 1976 333 2038 concubia
355 1986 443 2038 nocte
465 1978 568 2039 mouit.
606 1978 665 2038 dux
680 1977 872 2040 Philemenus
886 1986 949 2038 erat
965 1997 1033 2040 cum
1055 1978 1143 2040 solito
1165 1990 1275 2060 captae

188 2063 357 2125 uenationis
379 2081 487 2140 oncre;
510 2063 601 2125 ceteri
623 2062 791 2143 proditores
813 2081 862 2138 ea,
888 2081 964 2143 quae
986 2064 1151 2144 composita
1172 2075 1274 2142 erant,

149 2159 165 2209 9
187 2148 391 2229 expectabant.
429 2158 614 2210 conuenerat
628 2159 736 2222 autem,
758 2157 793 2210 nt
807 2149 997 2211 Philemenus
1013 2151 1132 2229 portula
1147 2150 1273 2214 adsueta

187 2234 378 2296 uenationem
399 2234 532 2296 infereus
554 2243 682 2296 armatos
703 2232 868 2309 induceret,
890 2242 974 2315 parte
996 2235 1051 2297 alia
1073 2244 1190 2315 portam
1209 2237 1273 2299 Te·

141 2330 169 2381 to
190 2319 330 2381 menitida
353 2319 447 2381 adiret
469 2318 633 2395 Hannibal;
657 2338 690 2381 ea
705 2320 920 2381 mediterranea
942 2321 1023 2400 regio
1044 2330 1099 2396 est
1122 2321 1273 2384 orientem
1297 2330 1330 2381 15

187 2414 334 2486 spectans,
351 2405 436 2467 busta
452 2404 633 2482 aliquantum
650 2405 727 2466 intra
743 2405 861 2466 moenia
876 2404 1043 2467 includunt
1081 2424 1149 2467 cum
1164 2416 1274 2486 portae

188 2490 456 2570 adpropinquaret,
486 2489 583 2551 editus
612 2508 645 2550 ex
669 2490 835 2569 composito
866 2490 944 2569 ignis
964 2490 1002 2551 ab
1024 2490 1192 2552 Hannibale
1214 2502 1272 2567 est,

188 2576 362 2655 refulsitque
383 2575 461 2636 idem
477 2574 623 2636 redditum
647 2574 683 2635 ab
700 2574 814 2636 Nicone
833 2576 967 2655 signnm;
991 2575 1138 2637 extinctae
1160 2576 1273 2640 deinde

138 2669 166 2720 11
189 2660 337 2739 utrimque
358 2660 491 2721 dammae
514 2668 593 2721 sunt.
631 2659 779 2721 Hannibal
801 2659 920 2722 silentio
942 2660 1069 2722 ducebat
1090 2661 1126 2721 ad
1140 2671 1271 2741 portam.

188 2745 261 2806 Nico
284 2764 320 2805 ex
335 2745 489 2824 inprouiso
508 2746 627 2807 adortus
650 2746 764 2825 sopitos
785 2745 890 2825 uigiles
912 2746 942 2807 in
966 2744 1115 2807 cubilibus
1137 2747 1199 2809 suis
1213 2748 1273 2809 ob·
1296 2755 1330 2806 ab

142 2837 169 2889 11
191 2838 310 2890 truncat
330 2838 508 2909 portamque
531 2830 634 2909 aperit.
672 2828 821 2892 Hannibal
842 2848 910 2892 oum
931 2830 1064 2911 peditum
1087 2831 1206 2910 agmine
1221 2832 1273 2895 in·

188 2914 330 2993 greditur‚
346 2915 460 2994 equites
474 2914 636 2977 subsistere
651 2915 742 2992 iubet,
758 2924 801 2991 ut,
816 2933 877 2995 qno
892 2933 942 2977 res
952 2917 1091 2996 postulet,
1107 2934 1272 2980 occurrere

276 3107 287 3155 1
308 3099 421 3152 millibus
439 3100 520 3165 Plio
539 3098 728 3167 expeditionem
748 3097 856 3151 Crdotm
883 3098 1042 3163 inpeditione
1059 3100 1093 3151 Ρ*
1119 3100 1147 3152 in
1164 3101 1275 3167 expedi·

190 3169 260 3221 tione
277 3167 312 3220 Ρ
340 3167 496 3235 expeditioni
515 3168 618 3220 borenc
634 3183 728 3234 progr.
746 3163 870 3226 Mstdorf
882 3166 950 3219 1874
967 3169 1024 3233 pud
1045 3168 1055 3235 fl
1076 3170 1274 3235 3praemissis·

189 3253 255 3304 quae
272 3239 296 3290 P
312 3236 322 3306 ΙΙ
344 3240 360 3289 4
378 3236 509 3304 praecepit
526 3240 545 3301 ς
570 3236 696 3303 praecipit
712 3235 763 3302 Pl
784 3235 928 3287 dissonent
946 3236 986 3301 1³¹,
1004 3252 1076 3288 eoi-r.
1093 3236 1129 3288 1¹²
1147 3236 1159 3304 Ι
1177 3239 1193 3290 8
1210 3241 1272 3290 acto

190 3307 319 3371 Sigonius
337 3304 406 3357 lacto
417 3304 460 3371 ΡΙΙ
473 3304 580 3356 millium
593 3302 636 3372 ΡΙΙ
648 3306 663 3357 9
676 3303 827 3356 denuntiato
838 3302 950 3369 Madvig
971 3304 1138 3371 pronuntiato
1151 3304 1273 3357 claim

188 3372 254 3435 sort.
271 3376 372 3426 rectius
399 3373 516 3424 nuntiato
536 3371 559 3422 P
583 3372 716 3424 enuntiato
733 3372 758 3423 Ι.
770 3373 929 3423 Pannonios
947 3372 957 3437 Ι
976 3377 1095 3439 pergeret
1114 3373 1246 3439 Sigonius
1264 3374 1274 3439 Ι

191 3446 220 3494 11
241 3441 329 3494 ordine
347 3442 386 3493 ed.
406 3441 471 3493 Vera.
485 3440 551 3493 1495
578 3440 693 3492 ordinem
709 3438 752 3507 ΡΙ
766 3442 797 3493 13
815 3454 867 3507 qne
880 3438 922 3506 ΡΙΙ
937 3442 970 3492 14
987 3446 1141 3506 pemenerat
1158 3444 1178 3506 ς
1196 3442 1274 3493 baud

188 3512 244 3561 soto
259 3526 295 3561 au
307 3508 399 3575 rustall
416 3512 444 3561 15
458 3509 567 3575 agrestis
581 3507 623 3575 ΡΙΙ
636 3510 667 3562 18
686 3508 718 3559 ab
737 3522 768 3561 eo
787 3508 885 3560 intenta
897 3508 922 3559 Ι.
935 3509 966 3560 Η.
980 3508 1048 3561 Voss
1074 3508 1109 3561 ob
1126 3509 1153 3561 id
1170 3511 1272 3562 intenta

189 3577 298 3642 Lipsius
325 3576 493 3629 oboedienter
510 3575 552 3643 ΡΙΙ
566 3578 599 3628 10
617 3590 632 3628 e
647 3576 766 3641 Madvig,
786 3590 836 3630 om.
849 3574 936 3643 Puta
956 3575 1127 3643 philemexnus
1140 3578 1181 3642 1²¹,
1198 3592 1271 3630 corr.

189 3643 245 3712 Pl
259 3646 291 3697 24
305 3652 396 3711 portan
408 3645 451 3712 ΡΙΙ
465 3647 497 3698 21
511 3648 631 3711 spectans
642 3643 718 3696 busta
733 3644 830 3709 Ussing
857 3644 1005 3711 spectabest
1017 3645 1050 3696 1²¹
1076 3644 1273 3710 spectabest?

190 3712 265 3764 busta
281 3715 385 3777 primus
401 3715 544 3779 proposuit
561 3713 618 3764 duc.
639 3711 720 3763 Gron.
747 3727 760 3763 s
779 3716 850 3764 ectat
868 3712 943 3764 busta
958 3712 1126 3779 Weissenbt
1140 3715 1173 3765 29
1191 3713 1273 3765 utrin-

190 3793 241 3847 qne
261 3779 301 3848 Pl
315 3781 348 3832 30
365 3779 471 3832 adortus
489 3779 573 3832 Goon.
600 3778 723 3847 adportns
799 3779 832 3832 ad
850 3784 938 3848 portas
956 3779 1011 3849 1⁰¹1
1025 3783 1057 3835 at
1075 3780 1234 3848 ingraeditnr
1250 3782 1276 3832 P
