2734 4250
185 128 245 190 132
562 126 656 180 LIBER
673 127 783 194 dxliii,
801 129 867 182 3—s
1112 153 1132 186 ι.
1148 153 1172 188 u.
1188 155 1210 187 c.
1224 146 1261 187 stt

132 312 162 365 16
183 301 316 364 cecidere
330 302 360 362 in
383 299 467 362 urbis
489 299 552 360 eius
574 299 798 380 oppugnatione
820 299 950 362 bostium
973 300 1031 360 duc
1054 299 1134 361 milia
1156 300 1263 374 ferme,

183 383 385 448 Romanorum
406 384 486 446 baud
507 386 634 464 amplius
657 385 828 464 nonaginta.

149 477 169 532 4
268 470 357 532 Laeta
379 470 503 550 stipsis,
526 470 655 549 quirem
670 488 798 550 gessere,
821 466 904 530 urbis
919 468 982 530 aius
1004 469 1185 549 expugnatio
1207 470 1265 531 luit

183 565 214 618 at
227 555 398 636 imperatori
413 563 572 634 ceteroque
586 555 744 629 exercitui;
768 564 798 616 et
811 553 980 635 speciosum
995 553 1156 616 aduentum
1175 572 1264 616 suum

147 651 162 701 2
183 641 337 719 ingentem
358 639 475 701 turbam
497 640 685 719 captiuorum
707 658 778 718 prae
793 659 826 701 se
841 646 963 718 agentes
977 639 1123 700 lecerunt
1161 639 1264 718 Scipio
1288 653 1304 702 t

184 725 360 787 conlaudato
376 726 466 786 fratre
485 743 562 798 cum,
586 733 699 805 quanto
720 733 837 803 p'oterat
858 722 1020 785 uerborum
1041 724 1170 798 honore,
1191 723 1266 785 Gar-

147 811 295 889 atbagini
317 810 353 871 ab
375 828 408 871 se
430 819 534 889 captae
554 819 671 890 captam
695 810 733 871 ab
759 828 795 870 eo
818 808 963 886 Orongim
992 818 1163 888 aequasset,
1193 809 1266 887 quia

184 903 214 956 et
227 895 324 957 hiems
339 894 475 968 instabat,
497 903 531 956 nt
546 913 602 955 nec
619 903 764 975 temptare
787 893 875 956 Gadis
897 910 954 954 nec
975 893 1130 955 disiectum
1152 895 1266 972 passim

184 998 239 1059 per
265 979 451 1060 prouinciam
478 979 641 1041 exercitum
671 978 863 1041 Hasdrubalis
890 979 1056 1040 consectari
1084 987 1202 1058 posset,
1232 978 1265 1040 in

185 1064 354 1126 citeriorem
375 1064 546 1145 Hispaniam
575 1064 672 1126 omnis
694 1083 762 1126 suas
783 1064 884 1144 copias
913 1063 1046 1136 reduxit,
1075 1062 1268 1142 dimissisque
1294 1077 1323 1128 lt

147 1149 214 1210 sin
243 1148 369 1211 hiberna
396 1148 579 1228 legionibus,
611 1148 644 1209 L.
674 1149 814 1229 Scipione
842 1149 933 1209 fratre
960 1148 1084 1209 Romam
1113 1148 1204 1210 misso
1234 1157 1268 1210 et

186 1234 334 1296 Hannone
354 1235 484 1296 bostium
498 1235 677 1313 imperatore
692 1234 858 1314 ceterisque
878 1232 1030 1294 nobilibus
1052 1232 1177 1312 captiuis
1200 1233 1268 1312 ipse

184 1318 383 1381 Tarraconem
406 1319 563 1382 concessit

148 1415 163 1466 t
268 1403 382 1467 Eodem
403 1423 483 1465 anno
498 1403 599 1465 classis
609 1402 742 1464 Romana
764 1421 833 1464 cum
851 1401 889 1462 Μ.
906 1401 1021 1462 Valerio
1036 1401 1169 1462 Laeuino
1191 1420 1268 1482 pro-

186 1489 309 1550 consule
331 1508 368 1550 ex
390 1488 488 1550 Sicilia
516 1489 547 1550 in
572 1488 700 1549 Africam
728 1487 898 1548 transmissa
927 1487 959 1547 in
982 1486 1112 1548 Vticeusi
1141 1485 1270 1548 Cartha-
1294 1499 1321 1551 15

185 1574 373 1652 giniensique
387 1591 458 1653 agro
473 1573 531 1634 late
553 1572 761 1652 populationes
782 1572 862 1633 lecit.
905 1571 1045 1633 extremis
1065 1570 1176 1632 fluibus
1191 1571 1268 1632 Gar·

185 1658 415 1734 thaginiensium
444 1659 522 1719 circa
550 1658 614 1737 ipsa
641 1656 759 1718 moenia
787 1657 885 1718 Vticae
914 1657 1040 1736 praedae
1068 1664 1149 1717 actae
1182 1669 1268 1718 sunt.

150 1752 166 1802 6
186 1741 390 1820 repetentibus
405 1741 535 1803 Siciliam
556 1741 656 1804 classis
672 1741 784 1804 Punica
800 1775 841 1787 -—
856 1741 1041 1821 septuaginta
1056 1749 1142 1801 erant
1155 1741 1268 1820 longae

187 1843 280 1886 naues
295 1826 490 1888 -occurrit
534 1825 689 1888 decentet
711 1835 823 1906 septem
846 1844 939 1887 naues
954 1844 990 1887 ex
1011 1827 1046 1887 iis
1060 1833 1164 1904 captae
1183 1837 1268 1900 sunt,

150 1921 165 1971 a
186 1918 327 1989 quattuor
348 1910 379 1971 in
402 1911 461 1972 alto
483 1929 613 1986 mensae,
643 1921 741 1973 cetera
764 1913 827 1973 rusa
849 1929 883 1972 ac
905 1911 1003 1990 fugata
1031 1910 1140 1972 classis.
1185 1919 1270 1973 terra
1293 1923 1320 1974 at

187 1994 321 2073 marique
349 1996 447 2058 uictor
467 1996 619 2058 Romanus
648 2015 717 2058 cum
747 2013 852 2076 magna
882 1995 979 2058 omnis
1007 1995 1126 2073 generis
1155 1997 1269 2076 praeda

186 2078 359 2161 Lilybaeum
388 2081 505 2162 repetit.
556 2089 620 2143 tuto
649 2081 719 2143 inde
747 2081 820 2143 mari
849 2080 941 2161 pulsis
973 2080 1102 2143 bostium
1138 2079 1269 2144 nauibus

187 2166 287 2246 magni
309 2176 490 2228 commeatus
510 2167 651 2229 frumenti
674 2166 797 2227 Romam
820 2165 965 2229 subnecti.

154 2255 172 2311 b
272 2251 425 2331 Principio
447 2252 566 2313 aestatis
587 2252 660 2326 eius,
683 2270 741 2331 qua
763 2252 837 2313 baec
858 2259 929 2312 sunt
950 2259 1042 2331 gesta,
1064 2250 1097 2311 P.
1112 2248 1269 2329 Sulpicius

186 2337 349 2414 proconsul
371 2345 400 2398 et
423 2336 534 2398 Attalus
556 2355 607 2398 rex
630 2354 699 2398 cum
721 2336 860 2415 Aeginae,
883 2336 961 2397 sicut
981 2344 1051 2396 ante
1073 2334 1185 2396 dictum
1209 2344 1267 2411 est,
1296 2348 1325 2398 aa

186 2419 405 2496 hibernassent,
428 2421 574 2483 Lemnum
589 2421 658 2482 inde
674 2422 766 2483 classe
784 2422 885 2482 iuncta
902 2454 939 2465 -
957 2420 1107 2481 Romanae
1128 2419 1269 2499 quinque

188 2511 218 2563 et
237 2505 344 2585 uiginti
363 2506 614 2585 quinqueremes,
643 2506 742 2585 regiae
764 2506 896 2585 quinque
919 2513 949 2566 et
970 2504 1092 2584 triginta
1114 2513 1200 2565 erant
1223 2540 1268 2551 -

150 2598 165 2647 a
186 2590 424 2652 transmiserunt
469 2599 498 2651 et
520 2590 691 2670 Philippus,
719 2600 768 2663 nt,
797 2608 850 2651 seu
871 2597 951 2650 terra
972 2608 1025 2651 seu
1047 2588 1121 2650 mari
1143 2588 1270 2652 obuiam

187 2675 318 2735 eundum
340 2675 417 2738 hosti
439 2676 525 2750 loret,
547 2683 668 2755 paratus
690 2673 726 2735 ad
748 2676 846 2736 omnis
868 2684 993 2736 conatus
1015 2683 1103 2748 esset,
1126 2673 1189 2753 ipse
1204 2674 1268 2735 lle-

187 2760 359 2822 metriadem
381 2758 417 2820 ad
439 2777 521 2821 mare
542 2758 706 2832 descendit,
729 2759 859 2820 Larisam
880 2759 957 2820 diem
974 2758 1009 2819 ad
1024 2760 1272 2823 conueniendum
1298 2780 1332 2831 ω

151 2853 166 2903 a
186 2844 328 2904 exercitui
344 2844 441 2904 edixit
486 2844 618 2925 undique
637 2844 673 2904 ab
697 2844 785 2905 sociis
812 2844 976 2924 legationes
991 2842 1207 2905 Demetriadem
1228 2846 1269 2907 ad

150 2937 166 2987 4
186 2926 293 2986 lamam
308 2927 387 3005 regis
401 2937 620 2991 conuenerunt.
657 2928 839 2990 sustulerant
854 2928 933 2990 enim
949 2929 1065 2991 animos
1079 2927 1174 2989 detuli
1194 2948 1269 2991 cum

257 3060 269 3109 1
288 3058 369 3111 millia
387 3060 428 3125 ΡΙ
442 3062 458 3112 2
470 3060 580 3128 amplius
591 3060 682 3127 Pplus
694 3061 732 3111 Σ
743 3060 753 3127 Ι
766 3060 845 3112 lxxxx
856 3062 880 3112 P
891 3074 940 3112 cxx
956 3060 1001 3111 uel
1018 3074 1051 3111 cx
1062 3060 1099 3109 Σ
1111 3060 1122 3127 Ι
1134 3063 1151 3113 4
1162 3065 1189 3112 et
1200 3068 1269 3114 ante

187 3125 334 3191 speciosum
343 3142 393 3180 cm.
403 3128 457 3179 2¹²
469 3130 479 3195 Ι
493 3127 664 3181 ticollsudato
673 3129 711 3179 Σ
719 3126 904 3194 conlaudatP!
912 3143 970 3180 cum
980 3130 1078 3195 quanto
1086 3143 1112 3195 p.
1121 3144 1146 3181 u.
1156 3128 1270 3195 bonore,

185 3191 278 3262 (cnm)
290 3196 371 3247 carth.
382 3195 513 3248 nimum
525 3194 536 3265 Ι
550 3200 564 3248 't
577 3211 621 3248 sae
633 3195 676 3264 ΡΙ
689 3204 788 3264 captam
801 3196 872 3247 ΡΨ
884 3194 991 3265 salpiam
1003 3195 1037 3247 1³¹
1046 3210 1107 3246 cum
1117 3212 1171 3247 ras.
1182 3211 1271 3263 super·

183 3265 306 3327 priorem
318 3277 332 3314 a
342 3261 531 3328 (redisce-tasas
541 3266 566 3329 a)
575 3264 584 3334 l
594 3266 709 3317 oroneim
718 3262 794 3316 1³2⁶?
806 3264 911 3317 oronein
923 3264 970 3315 uel
977 3264 1066 3316 oroein
1075 3262 1130 3331 ΣΙ
1139 3266 1154 3318 8
1163 3263 1269 3333 hiemps

187 3330 229 3397 ΡΙ
243 3333 275 3383 10
287 3331 371 3384 omnis
382 3346 442 3384 suas
460 3336 518 3395 (sus
529 3332 562 3384 Ι)1
580 3346 639 3384 snas
651 3332 694 3391 Pa
707 3332 794 3398 copias
807 3331 909 3383 reduxit
920 3332 1043 3399 Precipit
1054 3331 1193 3383 exercitam
1206 3334 1271 3403 2¹1

190 3399 221 3450 12
238 3398 392 3466 imperatore
409 3416 445 3451 ec
462 3400 643 3466 imperatorem
661 3400 716 3467 1³¹ss
734 3401 790 3467 ipse
808 3415 859 3452 cm.
877 3400 937 3467 ΣἿ
952 3403 981 3453 lt
1018 3398 1093 3451 raede
1109 3399 1142 3451 Ρι
1161 3401 1267 3467 praedas

186 3464 286 3531 Fltt
307 3466 384 3534 prada
403 3468 500 3535 Ppaa
518 3473 575 3520 tuto
592 3469 687 3520 Ptoto
706 3468 765 3532 zap
779 3468 810 3521 23
829 3468 967 3520 cismeatus
1038 3470 1186 3519 conmeatus
1205 3468 1270 3537 ΡΙ

188 3533 221 3582 25
240 3534 334 3585 attalus
352 3534 427 3585 Μ’
443 3535 536 3588 allatus
553 3535 609 3602 P¹l
626 3537 701 3602 egino
719 3534 759 3586 2⁸
782 3536 884 3602 reginae
907 3536 954 3603 ΡΙΙ
973 3537 1006 3589 26
1028 3534 1141 3588 lemnum
1159 3537 1182 3588 P
1200 3536 1270 3590 leui·

187 3612 248 3649 num
267 3600 443 3667 ffllromsns
461 3602 515 3669 ΡΙ
529 3606 560 3656 at
580 3609 653 3655 erant
673 3606 699 3655 b.
718 3604 735 3656 l.
754 3604 815 3655 aad
837 3603 940 3671 Ussing,
962 3619 1013 3655 orn.
1031 3602 1098 3669 ΙΨ,
1134 3607 1176 3654 oet
1191 3605 1270 3671 qnin-

188 3678 323 3729 qneremes
340 3671 438 3720 maletis
452 3686 553 3737 ponere
569 3672 681 3736 nerag
692 3670 748 3807 qim
769 3672 933 3725 tramisernnt
950 3670 1004 3722 Ν
1016 3670 1069 3791 Em
1125 3686 1200 3737 ,cra
1219 3674 1269 3743 ΡΙ

189 3731 223 3782 29
246 3732 329 3784 omnis
346 3736 380 3785 1³²
400 3738 458 3789 onis
475 3739 508 3789 Ρι
532 3754 622 3792 omnes
643 3740 681 3789 Σ*
724 3742 756 3793 30
781 3740 897 3793 larissam
916 3739 953 3791 Σ·
971 3738 1014 3807 13

188 3798 346 3851 cumularunt
363 3802 395 3853 P¹
435 3861 444 3869 ,

1055 3739 1213 3793 sustulerant
1232 3758 1269 3793 ex
