2734 4250
213 132 273 193 108
590 130 685 184 LIBER
703 131 778 198 HXH,
796 134 897 186 43-45
1159 160 1179 192 ι.
1190 160 1212 191 ιι.
1223 150 1288 192 ott&

210 324 278 367 cum
301 306 372 386 ipsis
395 304 497 366 castris
525 302 767 384 percommodum
790 304 860 378 luit,
889 314 952 365 tum
980 303 1108 365 salutare
1130 306 1289 385 praecipue

210 393 343 453 loturum
365 400 437 463 erat,
460 407 528 452 cum
550 388 642 450 aciem
665 388 836 469 dirigerent,
859 388 916 469 ipsi
937 389 1045 461 auersi,
1067 398 1152 469 terga
1173 396 1289 451 tantum

211 477 338 538 adllante
360 483 462 548 uento,
485 474 514 535 in
533 482 721 536 occaecatum
739 474 863 554 puluere
877 473 973 535 olluso
986 473 1102 535 hostem
1118 475 1288 554 pugnaturi.

158 566 197 622 44
297 560 440 623 Consules
462 559 532 621 satis
553 559 712 639 exploratis
730 557 888 621 itineribus
910 566 1068 638 sequentes
1091 558 1238 633 Poenum,
1259 572 1291 621 ut

210 654 336 708 uentum
358 646 394 707 ad
411 644 527 706 Cannas
541 653 587 706 est
608 653 638 705 et
657 644 689 704 in
704 653 868 723 conspectu
885 643 1018 705 Poenum
1039 642 1199 716 habebant,
1223 644 1291 707 bina
1310 656 1324 705 ⁵

211 740 305 793 castra
320 730 530 792 communiunt
543 728 648 790 eodem
663 729 756 790 ferme
774 728 941 803 interuallo,
966 746 1025 807 quo
1047 729 1082 789 ad
1099 728 1290 803 Gereonium,

173 827 188 877 2
210 817 287 878 sicut
301 824 370 876 ante
389 814 483 894 copiis
497 813 607 876 diuisis.
644 813 767 875 Aufidus
782 814 877 876 amnis
892 813 1026 893 utrisque
1041 814 1144 877 castris
1158 814 1292 877 adfluens

211 901 322 962 aditum
350 898 543 980 aquatoribus
569 918 605 959 ex
633 899 853 979 surculusque
880 898 1104 978 opportunitate
1126 900 1204 961 baud
1227 900 1293 961 sine

173 997 188 1047 t
210 985 371 1048 certamine
386 983 487 1059 dabat;
511 1002 547 1045 ex
569 984 736 1045 minoribus
754 992 853 1045 tamen
871 984 984 1057 cestris,
1008 1001 1083 1063 quae
1098 984 1195 1062 posita
1210 994 1293 1047 trans

210 1071 348 1132 Aufidum
371 1078 465 1143 erant,
487 1069 610 1130 liberius
632 1069 821 1148 aquabantur
833 1069 968 1143 Romani,
992 1068 1060 1147 quia
1082 1070 1145 1149 ripa
1168 1070 1294 1131 ulterior
1314 1080 1337 1130 to

172 1155 325 1217 anullum
347 1153 475 1216 babebat
495 1153 624 1216 bostium
654 1154 842 1233 praesidinm.
885 1152 1033 1215 Hannibal
1055 1172 1139 1232 spem
1163 1166 1293 1217 nanctus

210 1241 283 1302 locis
306 1240 382 1302 natis
403 1239 439 1300 ad
465 1248 633 1318 equestrem
661 1257 807 1319 pugnem,
837 1256 895 1317 qua
923 1248 1006 1319 parte
1029 1238 1138 1301 uirium
1161 1240 1293 1302 inuictus

210 1334 282 1399 erat,
305 1326 435 1386 facturos
449 1324 565 1405 copiam
584 1324 738 1404 pugnandi
760 1323 908 1397 consules,
931 1324 1038 1403 derigit
1051 1324 1143 1385 aciem
1161 1325 1293 1387 lacessit·

172 1421 267 1491 oque
290 1410 483 1471 Numidarum
510 1408 737 1489 procursatione
764 1408 867 1471 hostis.
909 1408 978 1470 inde
1007 1426 1111 1471 rursus
1138 1409 1293 1472 soHicitari

210 1496 356 1558 seditione
377 1494 497 1556 militari
518 1512 553 1555 ac
578 1494 723 1555 discordia
749 1493 904 1556 consulum
928 1494 1060 1554 Romana
1082 1504 1193 1569 castra,
1225 1506 1338 1557 cumtt

210 1580 319 1642 Paulus
341 1579 569 1659 Semproniique
600 1589 630 1639 et
651 1578 776 1640 Flamini
807 1578 1003 1640 temeritatem
1026 1578 1167 1654 Varroni,
1198 1580 1293 1641 Varro

210 1665 301 1726 Panlo
324 1665 491 1744 speciosum
508 1664 616 1725 timidis
636 1682 670 1725 ac
685 1664 827 1743 segnibus
843 1663 968 1726 ducibus
984 1664 1151 1743 exemplum
1167 1664 1293 1728 Fabium

173 1761 188 1809 o
210 1749 351 1823 obiceret,
374 1757 592 1829 testareturque
614 1750 685 1810 deos
707 1748 904 1829 hominesque
926 1748 984 1821 bic,
1009 1749 1119 1810 nullam
1142 1768 1240 1829 penes
1263 1771 1295 1814 se

209 1834 326 1914 culpam
349 1851 422 1907 esse,
445 1834 525 1913 quod
540 1833 688 1895 Hannibal
710 1834 766 1894 iam
782 1834 865 1894 uelut
878 1852 934 1897 usu
957 1834 1084 1913 cepisset
1106 1833 1238 1897 ltaliam:
1262 1856 1294 1897 se

209 1918 404 1981 constrictum
426 1936 442 1977 a
464 1918 576 1998 collega
598 1919 711 1991 teneri;
732 1920 844 1981 ferrum
867 1928 957 1997 atque
977 1937 1057 1979 arma
1079 1920 1161 1981 iratis
1184 1930 1215 1982 et
1238 1931 1339 2001 pu-at

171 2015 186 2064 t
207 2022 300 2084 gnare
315 2003 505 2083 cupientibus
518 2004 607 2064 adimi
622 2002 765 2065 militibus
771 2023 779 2081 ;
796 2004 853 2077 ille,
869 2004 893 2065 si
906 2003 975 2083 quid
988 2003 1129 2084 proiectis
1140 2022 1175 2066 ac
1187 2006 1293 2086 prodi·

209 2088 247 2151 tis
268 2089 305 2151 ad
327 2088 525 2151 inconsultam
548 2097 637 2169 atque
658 2088 847 2170 inprouidam
866 2106 996 2169 pugnam
1019 2089 1188 2169 legionibus
1210 2093 1293 2154 acci-

209 2175 300 2249 deret,
322 2192 355 2236 se
377 2175 474 2236 omnis
496 2174 601 2254 culpae
615 2183 757 2246 exortem,
781 2175 877 2236 omnis
892 2183 1018 2237 euentus
1032 2176 1209 2256 participem
1224 2179 1293 2239 lore

208 2260 334 2322 diceret:
357 2259 481 2335 uideret,
504 2269 546 2333 ut,
566 2260 673 2339 quibus
687 2259 787 2339 lingua
801 2269 940 2341 prompta
956 2277 990 2322 ac
1005 2262 1171 2338 temeraria,
1194 2281 1291 2342 aeque

208 2346 239 2406 in
262 2362 364 2426 pugna
387 2345 524 2424 uigerent
545 2363 661 2405 manus.
1313 2357 1337 2406 et

157 2433 194 2490 ab
293 2431 369 2492 llum
392 2429 633 2492 altercationibus
648 2429 741 2508 magis
763 2447 850 2508 quam
874 2429 1005 2492 consiliis
1029 2439 1148 2510 tempus
1169 2433 1291 2507 teritur,

208 2515 355 2576 Hannibal
378 2533 413 2576 ex
436 2515 514 2588 acie,
540 2533 628 2594 quam
652 2515 687 2576 ad
710 2514 835 2577 multum
863 2515 920 2576 dici
942 2523 1080 2576 tenuerat
1100 2515 1290 2591 instructam,

171 2609 185 2659 2
208 2618 275 2661 cum
298 2600 328 2660 in
346 2608 440 2661 castra
463 2607 575 2662 ceteras
596 2600 743 2679 reciperet
761 2600 869 2680 copias,
892 2600 1033 2662 Numidas
1049 2601 1084 2661 ad
1100 2600 1290 2665 inuadendos

207 2703 243 2745 er
265 2683 431 2745 minoribus
453 2685 558 2746 castris
572 2684 774 2745 Romanorum
792 2694 948 2764 aquatores
961 2694 1044 2747 trans
1060 2686 1170 2746 llumen
1187 2688 1289 2750 mittit

168 2776 183 2826 t
206 2787 293 2847 quam
310 2768 491 2830 inconditam
507 2769 623 2830 turbam
647 2788 716 2831 cum
731 2769 851 2832 uixdum
868 2770 898 2830 in
921 2770 1016 2851 ripam
1032 2771 1142 2850 egressi
1157 2772 1291 2835 clamore
1311 2781 1336 2830 tt

206 2871 241 2914 ac
262 2852 392 2914 tumultu
413 2853 581 2934 fugassent,
606 2856 636 2915 in
660 2854 817 2916 stationem
840 2872 959 2934 quoque
982 2874 1036 2934 pro
1060 2855 1137 2918 uallo
1159 2855 1288 2919 locatam

168 2947 184 2997 4
204 2946 293 3017 atque
315 2939 394 3018 ipsas
416 2957 509 3019 prope
533 2949 632 3020 portas
654 2940 750 3001 euecti
773 2949 852 3000 sunt.
889 2940 918 3000 id
941 2958 1015 3002 uero
1033 2941 1105 3002 adeo
1128 2941 1288 3022 indignum

205 3024 312 3099 uisum,
335 3022 372 3084 ab
387 3025 578 3086 tumultuario
594 3024 702 3086 auxilio
725 3025 782 3086 iam
799 3025 886 3086 etiam
909 3035 1003 3088 castra
1019 3025 1152 3088 Romana
1168 3030 1288 3102 terreri,
1353 3065 1354 3112 3

293 3194 303 3243 l
318 3190 472 3258 praelcipuae
484 3193 524 3256 Pl
539 3194 715 3245 doceecatum
729 3191 860 3259 puluerem
873 3190 914 3259 Pl
928 3191 1011 3244 offuso
1028 3191 1122 3244 Walclr
1148 3191 1233 3246 effuso
1246 3195 1289 3263 Pl

204 3261 221 3310 4
239 3261 371 3325 sequentis
389 3258 430 3325 Pl
444 3273 555 3325 poenum
573 3262 602 3324 P,
621 3260 671 3311 del.
692 3259 718 3311 0.
731 3259 848 3312 Schenkl
858 3259 897 3328 lb
916 3265 943 3312 et
962 3259 1043 3312 Gron.
1069 3265 1098 3312 nt
1110 3261 1182 3328 Pl6
1201 3264 1286 3328 gerio-
1353 3273 1354 3318 ὲ

204 3326 273 3379 nium
291 3327 338 3396 Pl
358 3330 372 3380 t
391 3325 503 3379 aufidius
521 3326 568 3395 Pl
587 3329 720 3393 utriusque
738 3329 761 3378 P
777 3327 787 3395 ll
804 3329 819 3380 8
838 3328 1055 3394 opportunitatem
1073 3330 1097 3379 P
1110 3329 1149 3396 ld
1167 3345 1219 3396 qne
1239 3333 1286 3398 Pl
1353 3367 1354 3382 ι

206 3398 237 3448 10
255 3393 367 3447 aufidum
386 3412 421 3446 sa
438 3394 560 3447 aufidium
572 3396 603 3446 Ρ1
618 3394 673 3463 lli
692 3403 767 3447 natus
782 3396 823 3460 ΡΙ,
841 3395 890 3447 del.
903 3394 958 3462 P¹l
974 3397 1004 3448 13
1023 3396 1124 3448 futuros
1136 3397 1179 3464 Pl
1195 3401 1226 3452 15
1245 3414 1286 3452 se-
1353 3405 1354 3456 f

202 3461 299 3514 ditione
317 3462 363 3530 Pl
383 3465 415 3515 16
437 3468 464 3515 et
486 3463 584 3515 flamini
607 3468 635 3515 et
658 3462 827 3515 temeritatem
846 3462 893 3530 Pl
910 3464 1010 3515 narroni
1028 3465 1061 3516 P¹
1089 3465 1206 3517 narronis
1224 3467 1284 3527 ΡΒ
1353 3457 1354 3530 l

206 3533 235 3583 l'l
254 3529 331 3596 paolo
350 3535 375 3583 t.
389 3531 405 3581 l.
418 3531 479 3582 odd.
494 3531 664 3597 Wesenberg,
678 3534 765 3597 porris
779 3535 859 3582 etiam
870 3535 931 3596 post
943 3531 1037 3585 labium
1051 3531 1158 3595 rddere,
1176 3549 1228 3585 om.
1242 3536 1284 3600 Pl
1353 3543 1354 3602 l

203 3595 265 3647 lsbii
282 3601 302 3660 ς
348 3599 379 3650 19
397 3598 469 3648 uelut
487 3603 507 3660 ς
534 3599 577 3651 uel
593 3601 640 3664 Pl
659 3601 691 3652 20
710 3599 768 3664 adq.
788 3598 832 3666 Pl
852 3601 881 3652 21
906 3599 1033 3664 cupientis
1051 3599 1092 3666 Pl
1107 3599 1224 3666 proditiis
1243 3603 1285 3666 P¹,
1353 3617 1354 3622 ¹

204 3679 274 3714 corr.
343 3662 353 3730 ll
371 3665 403 3714 22
421 3663 452 3714 ad
471 3665 614 3717 consultam
633 3665 691 3732 adq.
709 3667 733 3716 P
747 3667 757 3732 l
774 3668 807 3718 ll
824 3665 907 3734 (tam)
925 3670 1081 3733 prompta&
1106 3666 1176 3736 (tam
1195 3669 1284 3738 esset)
1353 3673 1354 3698 ¹

203 3737 320 3796 prompta
337 3729 497 3794 Wesmterg
508 3731 517 3797 l
531 3733 564 3784 30
576 3733 603 3783 in
615 3734 669 3799 ripa
682 3734 794 3798 egressis
805 3734 846 3800 Pl
861 3737 890 3787 31
906 3734 931 3785 in
944 3738 971 3799 ς,
984 3750 1034 3786 om.
1045 3734 1133 3856 Pqttl
1145 3736 1230 3804 adque
1244 3740 1284 3804 Pl

203 3796 268 3848 adeo
288 3806 316 3863 ς,
334 3811 384 3847 om.
402 3797 445 3863 Pl
457 3797 490 3850 3³
508 3798 605 3850 uexillo
623 3799 793 3851 Hoodtmanrt
810 3815 906 3866 progr.
924 3800 1027 3854 Dssrnu
1045 3804 1078 3856 18
1095 3805 1112 3856 d
1128 3807 1184 3870 μῦ
1194 3822 1234 3872 sq.
1353 3807 1354 3816 ³
