2734 4250
97 178 118 211 ι.
130 166 234 211 caeam
527 146 621 199 Lllllllt
638 144 713 213 xxti,
732 149 765 200 60
1120 144 1180 204 125

98 340 165 385 sero
188 338 276 383 nunc
299 319 478 392 desideratis,
501 317 645 381 deminuti
667 318 772 397 capite,
795 318 950 380 abalienati
973 318 1037 378 iure
1059 318 1179 391 ciuium,

98 407 178 469 serui
202 404 493 483 Carthaginiensium
523 403 602 463 lacti.
644 402 742 482 pretio
769 404 894 465 redituri
922 404 993 465 estis
1019 422 1070 477 eo,
1102 404 1182 466 unde
1205 412 1233 464 to

99 491 219 572 ignauia
233 508 270 551 ac
287 488 419 568 nequitia
438 485 560 550 abistis?
582 487 615 548 P.
632 487 843 566 Sempronium
858 488 954 550 ciuem
969 496 1104 549 uestrum
1118 507 1181 549 uon

99 576 225 639 audistis
247 592 330 635 arma
352 592 458 657 capere
480 592 514 634 ac
539 572 623 651 sequi
645 590 678 633 se
699 572 866 648 iubentem;
897 572 1091 635 Hannibalem
1114 582 1183 653 post

65 675 80 725 t
100 660 192 742 paulo
207 658 331 722 audistis
345 669 441 720 castra
462 658 548 738 prodi
568 666 598 718 et
612 674 692 717 arma
709 657 782 718 tradi
805 657 967 719 iubentem.
1005 676 1183 737 quamquam
1206 667 1233 718 tt

100 746 173 826 quid
189 764 248 824 ego
262 744 411 824 ignauiam
425 743 549 805 istorum
565 760 684 815 accuso,
700 760 769 803 cum
784 742 881 805 scelus
895 743 1007 823 possim
1021 741 1183 805 accusare?

101 850 164 894 non
180 830 272 891 modo
287 829 368 890 enim
382 828 467 907 sequi
482 835 659 889 recusarunt
675 826 752 887 bene
767 837 950 901 monentem,
973 828 1024 890 sed
1040 827 1184 891 obsistere

99 935 136 977 ac
158 915 292 975 retinere
315 914 414 976 conati
435 922 516 986 sunt,
539 912 570 972 ni
585 912 695 973 strictis
717 911 818 991 gladiis
834 913 891 973 uiri
913 914 1064 975 tortissimi
1079 913 1183 975 inertis

100 999 348 1063 summouissent
386 998 479 1077 prius,
496 998 628 1074 inquam,
643 995 675 1056 P.
689 996 866 1077 Sempronio
882 1015 937 1077 per
951 998 1061 1059 ciuium
1077 1016 1182 1077 agmen

51 1099 79 1149 to
101 1103 194 1165 quam
210 1101 265 1163 per
278 1084 407 1146 bostium
422 1082 479 1142 luit
492 1080 720 1161 erumpendum.
746 1081 799 1143 bos
811 1083 893 1145 ciues
908 1082 1001 1160 patria
1017 1080 1185 1145 desideret?
1207 1089 1235 1141 18

101 1187 235 1250 quorum
256 1169 281 1230 si
304 1168 394 1229 ceteri
416 1166 527 1229 similes
547 1166 689 1240 luissent,
717 1167 867 1227 neminem
889 1167 979 1229 bodie
1001 1186 1037 1229 ex
1058 1168 1109 1240 iis,
1133 1168 1183 1246 qui

100 1255 140 1316 ad
161 1254 280 1316 &unas
307 1260 537 1332 pugnauerunt,
566 1250 663 1312 ciuem
694 1250 825 1313 baberet.
867 1270 903 1313 ex
931 1251 1050 1314 milibus
1070 1261 1184 1332 septem
1208 1260 1236 1312 19

101 1348 285 1401 armatorum
308 1336 437 1399 sescenti
459 1338 629 1410 extiterunt,
652 1336 704 1414 qui
724 1353 881 1415 erumpere
904 1337 1056 1411 auderent,
1079 1337 1183 1415 quiin

104 1424 231 1504 patriam
245 1422 333 1484 libori
355 1431 444 1501 atque
466 1421 569 1482 armati
589 1420 731 1495 redirent,
755 1439 853 1500 neque
867 1422 912 1483 bis
927 1422 1070 1483 sescentis
1085 1422 1186 1483 hostes

51 1522 81 1573 tt
103 1508 265 1571 obstitere=
297 1524 385 1586 quam
414 1514 510 1567 tutum
540 1507 597 1567 iter
624 1505 748 1567 duarum
778 1524 873 1585 prope
895 1506 1046 1586 legionum
1076 1506 1187 1586 agmini
1209 1514 1238 1566 tu

104 1596 243 1655 luturum
258 1592 387 1654 censetis
402 1588 515 1653 tuisse?
530 1590 678 1652 haberetis
688 1590 776 1651 bodie
792 1591 897 1671 uiginti
911 1591 990 1653 milia
1006 1601 1186 1653 armatorum

104 1677 227 1741 onisii
249 1677 338 1739 lortia
359 1676 464 1749 tidelia,
486 1687 586 1755 patres
608 1675 778 1755 conscripti.
815 1694 898 1738 nunc
919 1686 1015 1738 autem
1040 1676 1187 1755 quemad

103 1763 231 1825 modum
246 1762 276 1824 bi
291 1762 363 1824 boni
385 1760 545 1840 fidelesque
559 1796 602 1807 -
617 1779 687 1821 nam
709 1760 802 1822 sortes
823 1779 862 1821 ne
884 1761 941 1841 ipsi
963 1762 1082 1840 quidem
1105 1761 1186 1823 dixe·

104 1849 234 1910 rint-
256 1847 338 1909 ciues
360 1864 425 1908 csse
446 1843 596 1926 possuntt
627 1846 684 1906 nisi
707 1844 774 1925 quis
796 1846 917 1908 credere
939 1854 1037 1926 potest
1060 1846 1188 1909 adfuisse
1210 1857 1238 1908 at

51 1947 83 1997 tu
102 1932 351 2012 erumpentibus,
377 1931 439 2010 qui,
461 1948 500 1992 no
522 1938 725 2009 erumperent,
748 1928 892 1993 obsistere
914 1932 1012 1993 conati
1034 1939 1114 2005 sunt,
1137 1940 1188 1993 aut

104 2037 171 2081 non
187 2016 325 2078 inuidere
339 2032 392 2077 eos
413 2034 482 2077 cum
496 2014 692 2077 incolumitati
707 2024 771 2077 tum
786 2015 897 2093 gloriae
917 2015 1036 2077 illorum
1058 2035 1112 2095 per
1127 2016 1188 2077 uir·

104 2112 204 2166 tutem
218 2110 330 2182 partae,
352 2119 420 2163 cum
435 2100 491 2163 sibi
506 2100 645 2163 timorem
665 2100 875 2180 ignauiamque
889 2101 1040 2164 seruitutis
1061 2101 1189 2182 ignomi-

105 2189 213 2251 niosae
227 2204 345 2248 causam
360 2206 426 2249 csse
440 2187 544 2248 sciant
580 2186 751 2248 maluerunt
764 2187 796 2247 in
812 2186 947 2248 tentoriis
962 2186 1087 2248 latentes
1102 2187 1190 2247 simul
1211 2197 1240 2248 21

105 2275 208 2336 lucem
230 2281 319 2351 atque
340 2271 456 2333 bostem
479 2279 644 2350 expectare,
666 2289 734 2332 cum
755 2271 873 2332 silentio
896 2271 993 2332 noctis
1015 2272 1190 2350 erumpendi

52 2371 82 2422 21
105 2357 227 2420 occasio
250 2364 337 2418 esset.
374 2356 497 2417 atenim
519 2354 556 2416 ad
571 2356 787 2436 erumpendum
803 2373 819 2416 e
835 2355 938 2418 eastris
956 2356 1050 2416 deluit
1063 2356 1189 2428 animus,

105 2443 145 2506 ad
167 2441 291 2504 tutanda
313 2441 430 2502 fortiter
452 2450 546 2502 castra
573 2440 705 2502 animum
730 2440 917 2516 babuerunt;
945 2440 1007 2502 dies
1030 2447 1191 2518 noctesque
1213 2451 1241 2503 11

106 2528 226 2607 aliquot
246 2526 358 2588 obsessi
377 2525 488 2586 uallum
510 2525 607 2599 aruris,
630 2525 734 2605 seipsi
756 2525 841 2586 tutati
862 2525 941 2586 uallo
963 2535 1049 2599 sunt;
1071 2525 1191 2586 taudem

106 2613 214 2676 taltima
234 2610 299 2672 ausi
320 2610 468 2690 passique,
491 2628 559 2672 cum
574 2611 674 2672 omnia
689 2610 817 2672 subsidia
840 2611 918 2671 uitae
933 2609 1071 2672 deessent
1092 2610 1191 2671 adlec-

198 2800 211 2848 1
233 2809 292 2848 sero
309 2798 330 2860 ς
356 2793 448 2846 desero
465 2795 489 2846 P
503 2793 514 2860 1
530 2792 668 2846 deminutis
687 2795 710 2843 P
726 2793 894 2874 {abalienato
911 2793 1037 2860 Madvig,-
1053 2793 1192 2846 abalienati

110 2867 169 2918 inre
182 2863 280 2914 ciuium
297 2862 348 2914 dal.
362 2861 389 2914 G.
401 2862 520 2913 aarum
531 2860 542 2930 Ι
555 2863 570 2914 2
583 2862 653 2924 lacti,
671 2867 756 2928 pretio
773 2861 879 2914 redituri
896 2863 958 2926 (om.
976 2862 1049 2928 estis)
1067 2877 1106 2928 eo,
1125 2861 1193 2915 unde

180 2930 281 2984 abistis.
305 2931 438 2997 Pluygers
454 2929 580 2982 nome
598 2929 737 2992 (1881111
755 2930 765 2997 ΙΙ
786 2933 803 2982 1
820 2930 951 2982 iuuentem
969 2929 1007 2981 Ρ
1032 2931 1192 2983 iuuentutem

109 3001 144 3054 Ρ
163 3000 205 3066 15
223 2999 384 3051 iuuentutem
400 2997 449 3064 Pl
466 3012 621 3065 quamquam
641 2997 738 3062 Ussing
767 3012 844 3078 quam
863 2997 909 3066 ΡΙΙ
927 3001 942 3051 6
961 2997 1022 3065 quid
1042 2997 1194 3064 Weterand,

111 3085 165 3120 on.
185 3065 229 3133 ΡΙ
241 3065 376 3132 agnaniam
394 3065 437 3130 Ρ,
454 3081 525 3120 corr.
543 3065 577 3117 Ρ
589 3065 627 3132 l⁷
645 3065 723 3116 modo
741 3079 809 3118 enim
826 3068 856 3117 in
873 3066 940 3118 anim
959 3065 1036 3118 modo
1053 3070 1119 3118 mut.
1136 3067 1169 3118 Ρ
1184 3065 1194 3130 ΙΙ

112 3139 130 3190 8
146 3135 199 3188 uiri
217 3150 254 3185 a
276 3133 340 3186 uiris
356 3133 417 3200 ΡΙ
438 3135 469 3187 tu
488 3133 595 3199 patriam
619 3132 748 3186 desideret
771 3139 798 3186 et
820 3149 927 3202 quorum
946 3134 993 3202 ΡΙΙ
1012 3135 1043 3187 12
1061 3133 1143 3185 ciuem
1161 3131 1196 3186 Ρ

112 3204 191 3257 cinea
204 3203 237 3253 Ρ
248 3201 393 3266 lbaberenl
405 3201 443 3268 ΡΙ
452 3204 485 3255 11
495 3201 554 3268 adq.
564 3201 607 3266 ΡΙ
618 3201 659 3253 bis
670 3205 690 3264 ς
707 3201 742 3253 ltii
755 3201 797 3269 ΡΙ
809 3202 937 3254 sexcentla
949 3202 1016 3253 duco
1028 3207 1049 3264 ς
1060 3201 1194 3266 Ingerelou

112 3277 140 3324 ot
156 3269 272 3335 uadong
297 3272 416 3321 tacente
433 3268 503 3321 milla
522 3267 569 3350 ΡΙ
589 3271 619 3323 15
638 3269 748 3335 agminis
766 3269 814 3336 Pll
829 3272 860 3323 15
877 3269 955 3323 millia
973 3267 1061 3336 Pillss
1079 3267 1141 3336 (se)
1158 3268 1195 3319 di·

113 3339 201 3393 seint
219 3337 246 3390 0.
259 3337 291 3388 t.
304 3335 420 3404 dauerl
440 3340 472 3390 19
495 3335 608 3389 adimsse
632 3335 718 3399 (cons.
736 3337 760 3402 4,
772 3336 814 3402 23,
827 3337 858 3401 4,·
875 3337 900 3404 8,
911 3337 953 3400 31,
966 3336 1001 3400 8,·
1018 3337 1066 3401 al.)
1091 3339 1195 3388 conicio

113 3409 198 3460 tune
209 3409 241 3457 ut
251 3406 277 3457 Ρ
290 3404 370 3458 icisse
380 3404 440 3457 usui
453 3405 596 3458 Wetueno.
621 3405 703 3456 luisse
714 3405 791 3458 utiles
803 3404 875 3456 Kocb
901 3409 945 3458 aut
957 3405 1054 3458 lauisse
1066 3403 1195 3473 Madm'gll

113 3479 149 3530 21
167 3489 202 3526 ne
219 3476 383 3540 erumperent
400 3475 420 3536 ς
445 3479 640 3540 necrumperent
657 3473 691 3525 Ρ
716 3487 764 3525 uec
781 3477 943 3540 erumperent
953 3471 988 3526 Ρ
999 3472 1009 3540 l
1022 3474 1053 3525 21
1072 3471 1197 3525 incolum·

113 3542 193 3598 nitati
204 3542 247 3606 Ρ,
258 3557 331 3594 corr.
343 3540 398 3608 ΡΙ
411 3541 444 3593 22
457 3541 549 3593 timore
561 3540 604 3608 ΡΙΙ
615 3541 734 3593 seruituti
746 3541 779 3591 Ρ
805 3542 893 3594 seruili
907 3539 941 3592 Ρ
952 3539 962 3608 ll
975 3539 1144 3607 ignominiose
1157 3540 1197 3608 ΡΙΙ

115 3608 196 3665 uad
215 3610 278 3675 ,ΡΙ
292 3611 324 3661 25
337 3608 511 3676 occansiol'l
524 3613 552 3660 at
569 3610 636 3661 enim
654 3609 716 3660 odd.
729 3610 870 3660 Aeomriur
882 3608 957 3672 1513,
975 3608 1062 3660 oncP
1087 3613 1114 3660 at
1127 3609 1198 3662 Wcoe

116 3678 186 3730 um.
197 3625 288 3729 ban„
306 3675 342 3729 12
359 3676 451 3741 (1857)
469 3675 589 3742 631311
607 3677 640 3729 25
656 3674 790 3729 tutandam
808 3676 853 3744 ΡΙ
867 3678 898 3729 tt
918 3674 1022 3744 aliquod
1045 3673 1197 3744 Pllballum

115 3748 159 3866 f,
177 3744 276 3864 datpl:¹
288 3744 298 3812 Ι
309 3745 388 3797 mnis
402 3743 483 3797 Gran.
510 3758 578 3796 arma
591 3744 634 3811 Pp
646 3743 730 3797 uallos
742 3743 785 3812 Pu
797 3746 829 3796 28
847 3742 967 3797 deessent
984 3749 1003 3808 ς
1026 3741 1153 3795 abdesunt
1166 3743 1197 3793 Ρ

134 3819 213 3867 count
