2734 4250
93 156 232 201 emessa
465 136 560 192 mesu
577 136 675 204 xxvd,
695 140 735 192 tt.
753 141 785 193 ts
1019 206 1020 211 ¹
1127 132 1168 196 87

93 331 148 394 pro
163 312 326 391 transfugis
346 309 526 385 habitorum,
549 311 600 390 qui
624 330 684 371 oon
708 310 847 372 duxerint
868 310 1040 373 societatem
1066 318 1170 383 ratam,

93 398 145 459 ubi
161 416 218 459 neo
233 396 327 459 diuini
341 396 499 475 quicquam
522 414 579 458 nec
593 395 715 458 humani
730 402 865 457 sanctum
887 406 974 459 esset.
1011 395 1172 476 productae
1194 404 1224 457 tt

94 481 201 544 deinde
230 482 262 543 in
292 490 486 561 conspectum
516 482 559 543 eis
592 481 735 561 coniuges
763 480 909 561 liberique
938 479 1171 543 lacrumantibus

94 567 201 647 gaudio
216 567 393 630 redduntur.
429 576 518 646 atque
535 585 571 627 eo
587 566 634 627 die
656 566 688 627 in
710 566 870 645 hospitium
893 566 1012 629 abducti
1019 584 1028 643 ;
1050 575 1171 647 postero
1195 569 1223 628 11

54 653 283 716 edereedere
311 660 434 731 accepta
463 651 551 725 fides,
579 650 751 731 dimissique
777 651 813 712 ad
843 652 944 732 copias
974 650 1171 715 adducendas.

95 739 187 800 isdem
210 736 316 799 deinde
338 737 442 799 castris
463 736 641 811 tendebant,
669 736 768 797 donec
789 734 914 798 ducibus
936 736 972 798 iis
994 737 1029 798 ad
1057 738 1172 799 hostem
1209 738 1213 751 '

93 831 274 904 peruentum
295 832 349 884 ast.

179 907 335 969 Proximus
363 905 648 985 Carthaginiensium
681 906 834 968 exercitus·
855 904 1045 967 Hasdrubalis
1076 924 1170 987 prope
1186 912 1222 970 18

93 991 199 1055 urbem
215 992 372 1054 Baeculam
394 1002 466 1053 erat
502 1009 558 1071 pro
576 991 680 1054 casuis
695 991 828 1071 equitum
850 991 992 1053 sueonos
1012 991 1170 1053 habebant
1209 996 1212 1004 '

36 1090 71 1142 tu
91 1079 123 1139 in
139 1097 189 1140 ces
202 1078 309 1139 uelites
323 1077 570 1157 antesignanique
590 1085 622 1138 et
638 1076 689 1156 qui
711 1076 800 1155 primi
815 1075 941 1155 agminia
962 1086 1058 1149 erant,
1080 1078 1171 1139 aduo-
1192 1087 1207 1137 2

94 1164 212 1226 olentes
236 1180 272 1223 ex
299 1162 422 1236 itinere,
451 1162 622 1242 priusquam
651 1162 755 1223 castris
785 1161 882 1224 locum
912 1171 1069 1241 caperent,
1098 1162 1170 1223 adeo
1209 1162 1213 1176 '

92 1247 288 1327 contemptim
310 1247 451 1327 impetum
474 1248 620 1320 lecerunt,
643 1254 677 1308 ut
697 1246 781 1308 facila
804 1254 975 1327 appareret,
1004 1247 1073 1328 quid
1096 1246 1171 1309 utri·

94 1352 153 1413 que
178 1333 255 1413 parti
284 1332 451 1394 animorum
481 1340 567 1396 essct.
611 1332 642 1393 in
671 1339 766 1393 castra
795 1331 908 1411 trepida
938 1332 1006 1411 luga
1035 1331 1208 1411 conpulsis

94 1419 210 1498 equites
224 1427 305 1490 sunt,
328 1417 472 1497 signaque
487 1416 619 1479 llomana
636 1416 731 1496 portis
752 1433 848 1497 pmpe
862 1416 934 1496 ipsis
948 1416 1047 1478 inlata.
1083 1426 1171 1496 atquc
1194 1428 1209 1479 t

4 1529 5 1540 ¹
37 1513 69 1566 to
93 1504 144 1565 illo
172 1502 292 1583 quidem
321 1503 369 1565 die
396 1502 523 1565 inritatis
550 1511 665 1564 tantum
694 1502 729 1562 ad
758 1512 909 1563 certamen
939 1502 1045 1563 animis
1078 1512 1172 1565 castra

94 1589 220 1650 Romani
248 1596 424 1667 posuerunt.
469 1596 557 1649 nocte
579 1585 745 1649 Hasdrubal
773 1587 803 1648 in
827 1586 973 1648 tumulum
997 1587 1098 1668 copias
1123 1600 1208 1650 reo

93 1674 167 1754 cipit
181 1673 272 1753 plano
287 1690 392 1752 campo
414 1673 445 1733 io
468 1690 584 1734 summo
605 1679 773 1754 patentem
796 1672 905 1735 lluuius
926 1672 963 1734 ab
986 1681 1080 1753 tergo,
1103 1681 1172 1735 ante

92 1760 234 1838 circaque
254 1758 339 1821 uelut
351 1758 416 1837 ripa
437 1774 581 1839 praecepa
598 1775 680 1818 oram
696 1757 760 1819 eius
782 1775 901 1819 omnem
918 1758 1064 1837 cingebat.
1100 1758 1172 1821 suh·
1193 1770 1209 1821 t

92 1853 160 1906 erat
178 1854 210 1905 ct
230 1844 320 1905 altera
334 1843 458 1904 inferior
472 1843 627 1905 summissa
650 1842 766 1922 fastigio
789 1842 941 1924 planities3
964 1861 1028 1904 eam
1051 1862 1171 1924 quoqne

36 1940 72 1991 2)
92 1929 185 1991 altera
207 1928 330 2008 crepido
352 1928 429 1989 haud
452 1928 575 1990 faciliori
598 1946 725 1989 ascensu
746 1927 884 1989 ambibat.
927 1928 958 1988 in
986 1929 1068 1990 huuc
1095 1930 1207 1992 lule-t

91 2015 204 2076 riorem
226 2030 362 2094 campum
383 2023 506 2093 postero
527 2014 574 2075 die
589 2011 764 2087 Hasdrubal,
787 2022 944 2092 postquam
964 2022 1091 2076 stantem
1114 2032 1171 2095 pro

92 2100 200 2162 castris
221 2099 350 2162 hostiam
374 2100 466 2162 aciem
481 2098 565 2174 uidit,
588 2097 704 2178 equites
718 2098 859 2161 Numidas
880 2097 1051 2179 leuiumque
1073 2116 1170 2162 armo·

92 2203 162 2247 rum
189 2185 311 2246 Baliaris
337 2192 368 2246 et
389 2185 476 2246 lires
504 2183 629 2246 demisit
672 2182 774 2263 Scipio
803 2183 1022 2246 circumuectus
1052 2185 1208 2250 ordinesa

92 2271 240 2351 signaque
255 2268 430 2332 ostendebat
442 2270 567 2344 hostem,
590 2269 798 2348 praedamnata
821 2287 873 2349 spe
895 2286 989 2346 aequo
1012 2269 1170 2332 dimicandi

37 2367 71 2419 tt
92 2374 200 2436 campo
216 2364 384 2436 captantem
397 2354 538 2429 tumulos,
560 2354 617 2416 loci
633 2353 748 2426 fiducia,
773 2371 833 2414 non
857 2352 977 2414 uirtutis
998 2362 1049 2414 ant
1070 2371 1169 2415 armo-

4 2486 5 2489 ,
93 2460 162 2503 rum
184 2449 263 2503 stare
283 2439 320 2502 'ia
343 2448 522 2520 eonspectu3
550 2439 601 2501 sed
624 2439 729 2500 altiora
751 2436 867 2499 moenia
890 2437 1026 2500 habuisse
1049 2439 1169 2502 Cartha-

4 2526 5 2581 }
92 2526 205 2604 qinom,
229 2543 305 2605 quae
325 2525 558 2587 transcendisset
578 2524 664 2586 miles
684 2523 854 2601 Romanus3
884 2541 940 2586 nec
961 2525 1091 2587 tumulos
1115 2543 1170 2588 nec
1192 2537 1208 2588 9

91 2628 209 2685 arcem,
243 2629 283 2672 ne
310 2628 390 2672 mare
418 2609 539 2690 quidem
567 2610 657 2671 armis
686 2609 835 2689 opstitisse
863 2608 933 2670 suis.
978 2609 1013 2670 ad
1042 2609 1070 2670 id
1105 2611 1169 2672 lore

93 2697 282 2771 altitudines,
312 2713 386 2775 quas
407 2695 556 2775 cepissent
576 2695 686 2768 hostes,
710 2703 743 2757 ut
763 2711 817 2775 per
838 2693 1008 2774 praecipitia
1031 2704 1061 2757 ct
1082 2714 1170 2775 prae·

4 2786 5 2791 ’
38 2791 72 2842 ao
92 2789 182 2860 rupta
195 2781 335 2844 salientes
348 2781 503 2862 lugerent3
526 2798 590 2842 eam
612 2797 732 2859 quoque
746 2797 779 2840 se
796 2779 853 2841 illis
874 2780 973 2859 lugam
989 2779 1168 2843 clausurum.

4 2878 5 2923 3
94 2867 294 2944 cohortesque
308 2866 381 2927 duas
394 2865 521 2927 alteram
535 2875 638 2927 tenero
652 2865 753 2927 lauces
768 2864 862 2940 uehis,
885 2883 941 2944 per
962 2883 1050 2945 quam
1072 2867 1169 2928 dalcr-
1191 2877 1220 2930 tu

163 3019 179 3068 3
198 3021 338 3082 conspeetu
356 3014 394 3066 2⁴
405 3018 415 3079 1
428 3015 452 3068 is
469 3015 493 3067 P
507 3017 563 3067 eiua
580 3013 778 3084 llqliberique
796 3031 832 3066 ec
849 3014 922 3067 liberi
942 3029 1007 3069 ueue
1025 3017 1058 3068 P¹
1070 3015 1109 3082 16
1126 3032 1170 3068 ca·

93 3084 154 3138 stris
171 3085 196 3135 P
209 3084 236 3134 in
254 3085 344 3135 metris
362 3083 401 3134 Σ*
412 3083 423 3151 1
436 3083 575 3136 tendebant
591 3099 627 3134 ee
644 3083 766 3135 tenebant
784 3082 816 3134 P¹
830 3081 873 3151 lis
892 3032 963 3150 Pis
981 3083 1111 3136 beeaulam
1127 3083 1171 3154 ΡΙ

24 3187 29 3194 ·
95 3157 127 3207 ld
144 3153 172 3205 iu
190 3150 238 3215 2³,
255 3167 306 3202 on.
325 3151 545 3218 Pladneulectls
561 3150 609 3217 ΡΙ
624 3154 653 3203 11
673 3151 765 3203 itinere
782 3167 836 3201 ror.
854 3167 890 3202 ere
907 3151 1020 3203 ititiuere
1037 3153 1080 3219 Ρ1
1092 3167 1169 3219 cape·

92 3229 150 3274 rent
168 3222 209 3271 2³
225 3219 371 3287 acciperent
388 3219 434 3286 ΡΙ
453 3221 484 3274 12
502 3223 637 3287 appararet
655 3218 702 3285 ΡΙ
721 3221 751 3272 to
770 3218 815 3269 illo
834 3221 858 3270 P
877 3234 908 3271 eo
926 3218 964 3269 2⁴
975 3219 986 3284 1
999 3225 1096 3272 motum
1113 3237 1168 3272 roe.

93 3305 129 3342 ere
145 3291 246 3340 lautum
261 3284 267 3356 1
283 3294 381 3340 mutum
402 3286 487 3355 Ρ116
505 3288 596 3354 recipit
613 3288 636 3338 P
651 3288 748 3354 recepit
763 3285 824 3352 Σ11
838 3289 868 3340 l'l
882 3292 1010 3352 patentem
1025 3286 1061 3336 2³
1079 3295 1167 3354 paten-

95 3365 133 3410 tet
149 3358 174 3408 P
187 3357 199 3424 Ι
211 3356 308 3408 lululus
326 3355 417 3424 Ρ118
435 3369 543 3422 preceps
561 3353 653 3424 Ρ119
671 3363 699 3406 et
717 3357 786 3407 Pex
803 3352 982 3422 ἕ11ηῐετίοτ
1000 3353 1039 3404 ΞΡ
1062 3354 1167 3408 interior

94 3425 136 3492 Ρ1
148 3427 182 3479 20
200 3425 281 3476 altera
299 3423 417 3475 Froben.
434 3423 502 3476 1531
520 3423 626 3475 alteram
643 3421 725 3490 ΡΣ*1
742 3422 841 3490 trepido
858 3422 896 3473 Σ*
907 3425 916 3482 ΙΙ
930 3421 1038 3474 faciliori
1059 3437 1167 3476 ascensu

4 3490 5 3495 ’
95 3493 206 3558 Madvig
230 3491 329 3545 facilior
353 3493 380 3542 in
403 3505 539 3544 ascensum
562 3493 682 3554 (ascensu
701 3489 766 3554 llll
784 3490 842 3542 ΡΣ·
864 3489 964 3542 facilior
980 3489 1106 3543 adscensu
1124 3491 1170 3543 uel

4 3608 5 3619 ,
95 3561 218 3613 laellioria
236 3560 376 3613 adscensus
393 3559 440 3610 uel
456 3558 570 3612 laciliore
587 3558 713 3611 adscensu
734 3557 916 3626 Wesenbergl
931 3560 963 3611 23
981 3558 1079 3612 dimisit
1090 3559 1170 3629 ΡΣῚ

95 3631 130 3683 24
146 3644 232 3696 aequo
249 3627 386 3681 dimicandi
405 3642 496 3695 eampo
514 3628 551 3678 >3¹
569 3625 704 3679 dimicandi
723 3642 807 3694 aequo
826 3641 917 3694 campo
930 3625 971 3694 Ρ11
985 3629 1017 3681 lb
1031 3631 1075 3679 aut
1086 3641 1169 3680 armo·

94 3713 150 3749 rum
168 3697 206 3748 ΣΙ
230 3711 356 3749 armorum
378 3711 409 3747 ue
426 3697 519 3761 Pllb
536 3695 627 3748 altiora
650 3711 685 3746 eo·
708 3694 827 3746 ulteriora
846 3695 878 3746 P¹
890 3694 901 3761 1
914 3696 998 3746 moola
1017 3695 1057 3748 Pl.
1068 3697 1168 3748 meonla

94 3781 148 3818 roe.
165 3781 202 3816 eae
220 3765 336 3817 meoenia
399 3763 455 3830 128
473 3765 527 3816 soie
544 3780 580 3814 ec
597 3763 684 3815 adsuis
701 3762 734 3814 P¹
746 3763 756 3830 1
769 3765 802 3817 29
820 3763 908 3817 hostes
926 3765 950 3816 P
970 3763 1088 3816 hostibus
1107 3763 1166 3831 2²¹st

96 3833 230 3901 precipitia
247 3849 283 3884 ex
299 3832 412 3900 precipit
430 3831 463 3883 Ρ1
