2734 4250
15 3911 18 3959 l

96 149 118 180 a.
130 137 231 182 chem
488 121 582 176 LIBER
599 122 694 187 llllllll,
712 125 753 175 at.
766 125 799 177 32
1119 121 1180 179 219

100 307 164 356 tum
188 294 311 356 eandem
336 311 400 355 esse
429 311 561 365 causam,
593 313 648 356 nec
676 312 816 373 umquam
839 295 998 375 Syracusas
1021 295 1180 373 quieturas,

100 382 198 442 donec
226 381 384 459 quicquam
414 388 604 441 externorum
634 379 811 440 auxiliorum
840 390 891 441 aut
919 380 950 441 in
972 379 1048 440 urbe
1075 389 1127 440 aut
1149 380 1180 441 in

100 465 231 526 exercitu
255 484 310 526 suo
333 473 419 525 esset.
457 466 556 542 itaque
571 465 653 525 daret
671 482 803 542 operam,
825 475 859 526 ut
880 484 940 538 eos,
964 465 1014 543 qui
1038 483 1105 525 cum
1120 465 1182 526 suis
1203 476 1218 524 9

98 549 288 630 praetoribus
317 558 412 610 castra
440 548 475 610 ad
503 549 619 628 Megara
648 549 807 623 haberent,
835 550 866 610 in
894 567 977 611 suam
1004 558 1180 628 potestatem

63 647 77 696 a
98 635 247 712 redigeret
268 653 302 695 ac
316 634 463 713 supplicio
479 652 583 695 eorum
607 633 746 695 liberaret
767 635 886 695 tandem
902 635 1071 714 Syracusas.
1109 636 1182 696 haec
1204 646 1232 696 10

97 738 165 782 cum
190 720 311 781 recitata
334 728 443 790 essent,
465 737 533 780 cum
550 729 632 780 tanto
648 719 777 779 clamore
796 720 830 780 ad
847 737 928 780 arma
942 719 1109 781 discursum
1124 730 1178 793 est,

98 815 131 866 ut
152 815 308 884 praetores
335 804 415 864 inter
435 803 596 865 tumultum
625 804 726 883 pauidi
750 803 989 883 abequitauerint
1010 804 1178 884 Syracusas.

98 899 127 950 et
150 908 189 950 ne
205 891 275 969 luga
299 889 416 968 quidem
440 906 542 950 eorum
565 889 671 949 seditio
693 907 855 968 conpressa
878 899 932 961 est,
955 889 1133 969 inpetusque
1147 891 1180 951 in
1203 899 1230 949 tt

97 975 301 1054 Syracusanos
321 974 430 1035 milites
451 973 577 1046 debant;
601 991 657 1034 nec
679 974 716 1034 ab
734 975 793 1035 ullo
816 983 1014 1053 temperatum
1036 975 1124 1046 loret,
1146 976 1179 1036 ni

53 1069 79 1118 to
98 1059 245 1140 Epicydes
271 1068 360 1138 atque
387 1059 582 1138 Hippocrates
612 1059 674 1119 irae
702 1059 899 1121 multitudinis
926 1058 1045 1120 obuiam
1074 1059 1176 1133 issem,

98 1163 158 1206 non
182 1163 199 1204 a
221 1143 422 1206 misericordia
445 1151 496 1204 aut
517 1144 647 1204 humano
669 1145 805 1217 consilio,
827 1143 880 1205 sed
902 1162 941 1204 ne
962 1162 1045 1223 spem
1067 1144 1179 1206 reditus
1202 1154 1230 1205 12

97 1229 303 1309 praeciderent
328 1228 384 1290 sibi
413 1237 444 1290 et
471 1245 539 1289 cum
566 1228 648 1307 ipsos
677 1229 766 1290 simul
793 1229 900 1290 milites
923 1229 998 1290 fidos
1031 1228 1179 1290 haberent

5 1325 6 1330 ’
97 1314 183 1375 simul
207 1314 336 1393 opsides,
358 1323 421 1377 tum
437 1321 582 1392 cognatos
603 1330 724 1392 qnoque
741 1331 845 1374 eorum
860 1322 949 1392 atque
971 1313 1081 1375 amicos
1095 1323 1179 1375 tanto
1202 1323 1229 1374 13

98 1401 202 1460 merito
213 1399 356 1478 primum,
371 1398 439 1460 dein
452 1399 578 1478 pignore
590 1398 646 1460 sibi
660 1398 863 1460 conciliarent.
891 1399 1074 1477 expertique,
1090 1417 1177 1478 quam
1201 1409 1229 1458 tt

54 1491 78 1541 15
97 1502 169 1545 nana
193 1484 327 1545 autleni
349 1500 420 1543 aura
442 1482 552 1544 mobile
575 1483 681 1561 uolgus
704 1493 791 1557 esset,
812 1483 936 1544 militem
959 1484 1060 1544 nancti
1082 1503 1118 1545 ex
1141 1503 1176 1545 eo

99 1588 238 1641 numero,
268 1569 320 1647 qui
347 1569 378 1628 in
405 1567 560 1629 Leontinis
589 1567 775 1630 circumsessi
804 1577 905 1641 erant,
933 1567 1115 1640 subornant,
1143 1578 1177 1631 ut

97 1653 258 1733 Syracusas
280 1653 428 1732 perterret
450 1653 589 1714 nuntium
608 1654 838 1714 conuenientem
853 1653 905 1726 eis,
928 1671 1004 1732 quae
1026 1655 1061 1715 ad
1078 1654 1175 1734 Mylan

97 1739 166 1800 laiso
190 1739 329 1800 nuntiata
352 1747 446 1810 erant,
469 1747 682 1817 auctoremque
703 1756 736 1798 se
754 1738 922 1800 exhibendo
943 1757 978 1799 ac
1001 1740 1083 1801 uelut
1104 1741 1176 1812 uisa,
1200 1749 1227 1798 to

98 1841 170 1902 quae
191 1823 284 1885 dubia
307 1832 401 1896 erant,
425 1822 573 1884 narrando
596 1823 760 1884 concitaret
781 1823 838 1884 iras
861 1823 1025 1884 hominum.

54 1914 79 1964 2)
177 1909 257 1970 Huic
280 1927 342 1970 non
365 1916 438 1987 aput
459 1908 581 1985 uolgum
596 1908 684 1969 modo
707 1909 780 1970 tides
794 1909 858 1980 luit,
881 1918 928 1970 set
946 1919 1082 1971 senatum
1098 1928 1175 1988 quo-
1187 1915 1225 1970 22

98 2011 151 2072 que
173 1997 204 2055 in
230 1993 344 2054 curiam
367 1993 556 2054 introductus
578 1993 681 2054 mouit.
717 1993 789 2054 haut
809 1993 880 2054 uani
897 1994 1015 2072 quidam
1037 1995 1175 2057 homines

97 2080 188 2158 palam
211 2080 294 2140 serre
316 2077 448 2157 perbene
469 2078 615 2140 detectam
644 2077 674 2139 in
698 2077 854 2139 Leontinis
879 2097 944 2140 esse
971 2079 1122 2141 auaritiam
1145 2089 1175 2143 et

97 2166 297 2226 crudelitatem
321 2162 542 2237 Romanorum
565 2164 676 2235 eadem,
701 2164 725 2223 si
748 2164 910 2225 intrassent
932 2164 1101 2243 Syracusas,
1123 2176 1175 2226 aut

98 2249 223 2311 foediora
242 2250 340 2323 etiam,
360 2267 420 2327 quo
433 2248 528 2309 maius
543 2248 583 2309 ibi
599 2248 739 2310 auaritiae
753 2250 918 2327 praemium
934 2258 1020 2321 esset,
1042 2250 1173 2311 tacturos

5 2384 6 2388 ,
56 2334 190 2395 aruisse.
229 2335 330 2413 itaque
344 2333 523 2395 claudendas
545 2334 646 2394 cuncti
661 2342 763 2413 portas
784 2342 815 2393 et
829 2333 1053 2395 custodiendam
1067 2334 1172 2395 urbem
1195 2346 1210 2394 2

97 2436 224 2481 censere.
262 2418 314 2480 sed
338 2437 399 2479 non
422 2418 458 2479 ab
473 2418 566 2479 isdem
590 2436 694 2479 omnes
715 2418 820 2478 timere
843 2436 899 2480 nec
918 2419 1037 2479 eosdem
1060 2419 1172 2480 odisse:

97 2504 128 2563 ad
143 2505 269 2566 militare
291 2522 387 2582 genus
409 2522 498 2564 omne
512 2511 687 2582 partemque
701 2520 837 2581 magnam
853 2502 949 2582 plebis
962 2503 1093 2565 inuisum
1108 2522 1172 2565 esee

11 2628 12 2690 y
99 2606 201 2650 nomen
225 2590 411 2662 Homanum;
434 2596 586 2667 praetores
608 2588 854 2666 optimatiumque
876 2587 972 2667 pauci,
995 2606 1172 2667 quamquam
1194 2600 1209 2648 a

98 2672 184 2735 inllati
211 2693 294 2735 nano
324 2672 430 2735 nuntio
458 2682 559 2744 erant,
588 2681 685 2733 tamen
715 2674 752 2733 ad
780 2672 903 2751 propius
928 2673 1172 2752 praesentiusque

57 2760 79 2810 ³³
99 2759 199 2820 malum
223 2758 373 2820 cautiores
393 2776 467 2819 esse.
504 2766 533 2818 et
548 2757 603 2817 iam
620 2757 655 2818 ad
671 2758 855 2838 Hexapylum
877 2767 963 2818 erant
977 2758 1173 2838 Hippocrates
1195 2769 1209 2819 4

98 2852 181 2921 atque
202 2843 365 2925 Epicydes,
393 2840 628 2921 serebanturque
649 2842 809 2920 conloquia
831 2861 886 2921 per
908 2837 1094 2923 pro‘pinquos
1115 2862 1172 2923 po·

99 2928 249 3003 pulerium,
274 2928 371 3007 quiin
388 2928 516 2988 exercitu
533 2936 627 2999 erant,
649 2936 683 2987 ut
698 2939 799 3007 portas
813 2928 964 3007 aperirent
978 2929 1171 3007 sinerentque

12 3031 16 3095 y
100 3028 284 3075 communem
306 3012 429 3093 patriam
452 3012 571 3073 delendi
593 3012 628 3073 ab
652 3012 764 3091 impetu
781 3014 993 3073 Romanorum.
1031 3014 1088 3074 iam
1103 3014 1208 3075 unisa

99 3094 205 3161 loribus
216 3099 360 3178 Hexapyli
374 3097 483 3177 apertis
497 3097 595 3177 coepti
607 3111 694 3158 erant
707 3098 810 3177 recipi,
826 3116 894 3159 cum
910 3110 1063 3177 praetores
1077 3099 1169 3159 inter-

178 3320 188 3368 1
209 3316 340 3383 syracusis
358 3314 399 3380 Ρ,
417 3330 487 3367 coa-r.
507 3314 541 3367 Ρ
558 3314 567 3383 l
585 3319 601 3367 4
619 3330 748 3379 megaram
767 3314 838 3382 Pla
856 3330 943 3367 eorum
962 3319 981 3379 ς
1008 3324 1105 3381 equora
1123 3317 1169 3384 ΡΙ

103 3383 129 3431 ta
144 3381 292 3450 hippocrate
311 3383 354 3447 Ρ,
370 3398 440 3434 corr.
457 3383 513 3450 ΡΙ
528 3386 559 3437 ts
577 3397 642 3434 nana
663 3389 683 3447 ς
712 3399 760 3435 una
779 3382 828 3449 ΡΙ
846 3383 939 3449 uulgus
957 3384 990 3435 Ρ
1007 3383 1017 3449 ll
1032 3387 1062 3435 11
1082 3384 1168 3451 mylen

104 3446 235 3505 Wmsma.
264 3451 348 3517 mylas
360 3450 401 3519 ΡΙΙ
418 3454 448 3504 ta
461 3450 586 3502 narrando
598 3450 633 3502 Ρ
659 3451 782 3504 narrando
800 3466 831 3502 ac
843 3452 916 3503 uelut
933 3453 987 3503 nisa
1006 3466 1073 3518 quae
1090 3452 1168 3504 dubia

102 3526 166 3567 amnt
177 3519 302 3570 narrando
315 3519 347 3569 Ρ
359 3518 369 3585 ΙΙ
381 3520 540 3570 concitarent
552 3516 592 3583 ΡΙΙ
607 3520 640 3572 20
654 3519 754 3571 uolsurn
768 3520 807 3579 Ρ,
820 3535 891 3571 corr.
903 3519 936 3571 Ρ
949 3520 959 3587 l
971 3523 1001 3572 21
1017 3521 1116 3571 monuit
1128 3524 1151 3572 Ρ

102 3582 130 3633 22
146 3587 274 3637 auaritiam
287 3586 322 3638 Ρ
347 3586 478 3638 auaritiam
492 3586 525 3637 P¹
537 3586 547 3653 ΙΙ
560 3588 591 3638 23
611 3588 718 3639 eandem
731 3588 774 3651 ΡΙ
786 3590 818 3640 25
832 3594 959 3653 portasset
971 3590 1012 3650 Ρ,
1030 3604 1102 3641 corr.
1114 3588 1148 3639 Ρ

103 3650 225 3727 Homine
245 3664 341 3705 temere
358 3654 402 3721 Pl
414 3654 512 3707 odisset
529 3657 552 3706 P
568 3653 623 3721 1121
641 3669 724 3721 genus
743 3656 775 3706 Ρ
800 3669 879 3707 unns
897 3657 929 3707 Ρ
941 3656 951 3723 ΙΙ
964 3660 1040 3707 omne
1059 3656 1102 3724 ΡΙ
1114 3657 1169 3722 ple·

104 3720 186 3787 nasPl
198 3725 230 3775 29
243 3728 329 3774 tamen
343 3722 376 3773 Ρ
397 3736 454 3773 men
468 3723 498 3773 Ρ
511 3721 521 3790 ΙΙ
535 3724 567 3774 30
581 3723 737 3791 hepapylum
750 3723 783 3773 Ρ
811 3723 978 3790 laeptapylnm
991 3723 1047 3789 ΡΙ
1060 3727 1089 3777 31
1105 3739 1168 3790 epy-

104 3784 164 3838 cides
180 3790 265 3857 Plssil
285 3788 387 3842 delendi
405 3791 437 3841 ab
456 3790 489 3840 Ρ
516 3791 548 3841 ab
565 3789 667 3841 delendi
687 3791 719 3842 ab
737 3790 791 3858 P¹q
805 3792 935 3858 34.aperti
955 3792 996 3856 Ρ,
1014 3808 1085 3843 corr.
1104 3794 1137 3842 Ρ
