2734 4250
176 133 238 214 214
557 131 650 184 crece
668 132 763 198 xxm,
781 135 823 186 no.
836 137 867 186 m
1119 152 1254 192 ..meu

120 317 151 379 ¹15
173 306 240 367 totis
263 313 386 385 repente
409 305 444 365 ad
460 304 691 366 misericordiam
714 304 829 378 animis,
852 323 890 366 ne
911 305 1164 365 interficerentur.
1208 305 1255 366 ira

174 391 281 452 deiude
304 408 338 450 ex
368 389 569 451 misericordia
592 399 672 462 orta,
703 390 781 468 quod
805 390 878 451 adeo
901 391 1071 451 festinatum
1095 385 1155 473 [ad]
1178 408 1252 470 sup

173 475 294 555 piicium
308 493 405 553 neque
417 475 499 535 iocus
510 474 680 553 paenitendi
693 483 744 534 aut
755 493 908 554 regressus
919 474 956 535 ab
969 475 1012 535 ira
1028 475 1148 535 relictus
1162 485 1252 535 esset.

123 571 151 620 lt
173 563 271 639 itaque
293 561 420 620 fremere
442 559 598 619 multitudo
622 569 650 620 et
671 561 702 620 io
726 559 824 620 iocum
847 559 1030 620 Adranodori
1053 577 1089 620 ac
1107 560 1252 620 Themisti

177 679 210 687 -
230 662 298 705 uam
321 644 408 704 ambo
431 654 582 724 praetores
603 645 722 706 fueraut
740 645 917 705 -comitia
940 661 1075 724 poscere,
1098 661 1175 722 quae
1197 663 1254 704 ue·
1277 656 1295 704 5

121 733 156 789 m
173 725 320 808 quaquam
344 748 379 789 ex
401 729 547 790 sententia
576 740 745 808 praetorum
774 729 872 789 sutura
901 738 1010 790 essent.
1054 737 1181 791 statutus
1206 738 1255 790 est

173 814 299 874 comitiis
328 812 405 886 dies;
435 832 494 892 quo
526 814 776 893 necopinantibus
806 813 945 874 omnihus
975 833 1054 875 unus
1082 833 1119 874 ex
1147 815 1254 876 ultima

172 898 259 960 turba
285 898 435 979 Epicyden
460 899 635 969 nominauit,
660 907 722 960 tum
746 898 815 959 iude
837 899 913 960 aiius
935 898 1161 978 hippocratem
1184 918 1253 961 cre-

173 983 287 1044 briores
309 983 414 1044 deinde
437 983 492 1043 hae
515 1001 604 1044 uoces
626 993 737 1044 etcum
760 983 831 1043 haut
854 983 943 1044 dubio
966 984 1094 1044 adsensu
1116 985 1252 1045 multitu-

135 1069 249 1129 2dinis
275 1085 354 1142 esse;
392 1077 421 1128 ct
450 1077 513 1129 erat
541 1069 664 1129 confusa
695 1068 795 1128 contio
829 1087 890 1129 uon
922 1067 1058 1148 popuiari
1086 1069 1174 1130 modo
1197 1072 1251 1132 sed
1278 1079 1312 1129 lo

171 1153 289 1214 militari
318 1171 437 1232 quoque
465 1152 568 1224 turba,
599 1171 705 1233 magna
727 1171 763 1213 ex
791 1162 874 1233 parte
903 1155 990 1214 etiam
1019 1153 1169 1233 perfugis,
1196 1156 1251 1232 qui

135 1246 149 1295 t
170 1239 270 1298 omnia
286 1255 398 1298 nouare
414 1237 583 1317 cupiebant,
598 1238 761 1317 permixtis.
787 1244 941 1316 praetores
954 1238 1138 1299 dissimulare
1152 1239 1251 1318 primo

171 1332 201 1384 et
217 1343 235 1382 s
252 1323 392 1383 trahenda
415 1339 448 1382 re
470 1341 551 1398 esse;
581 1331 732 1403 postremo
755 1322 827 1383 uicti
849 1340 998 1383 consensu
1022 1331 1052 1382 et
1072 1323 1251 1384 seditionem

134 1418 148 1467 t
170 1415 336 1469 metuentes
365 1408 562 1487 pronuntiant
590 1425 641 1468 eos
668 1415 830 1488 praetores.
875 1425 932 1468 uec
953 1407 994 1468 iiii
1022 1407 1121 1487 primo
1149 1409 1249 1469 statim

170 1493 260 1554 creati
284 1492 412 1564 nudare,
435 1492 505 1570 quid
529 1492 657 1564 uellent,
680 1509 858 1570 quamquam
881 1510 969 1572 aegre
990 1492 1137 1567 ferebant,
1159 1503 1190 1554 et
1210 1495 1250 1554 de
1276 1505 1312 1555 15

170 1577 292 1638 indutiis
306 1577 419 1638 dierum
435 1576 536 1637 decem
553 1577 665 1655 legatos
680 1578 737 1638 isse
752 1577 786 1637 ad
803 1577 932 1656 Appium
948 1576 1100 1638 Claudium
1116 1586 1145 1638 et
1161 1578 1252 1658 iupe-

169 1663 253 1723 tratis
282 1662 324 1722 eis
353 1661 439 1735 aiios,
468 1661 518 1740 qui
547 1661 584 1723 de
610 1662 730 1722 foedere
758 1663 882 1740 antiquo
910 1662 1085 1722 renouando
1115 1673 1249 1741 agerent,

131 1757 146 1806 5
169 1748 283 1807 missos.
321 1745 356 1805 ad
372 1746 568 1825 Murgantiam
591 1753 653 1806 tum
677 1747 799 1808 classem
816 1747 939 1808 nauium
959 1757 1081 1808 centum
1095 1747 1250 1810 Romanus

168 1830 310 1904 habebat,
341 1848 469 1908 quonam
499 1831 662 1892 euaderent
690 1841 789 1892 motus
818 1850 854 1892 ex
883 1830 1023 1893 caedibus
1051 1841 1248 1912 tyrannorum

168 1915 226 1975 orti
249 1914 402 1994 Syracusis
430 1934 529 1994 quoue
552 1935 603 1977 eos
624 1925 726 1996 ageret
752 1935 830 1977 noua
859 1926 948 1994 atque
976 1916 1093 1978 insolita
1115 1917 1247 1993 libertas,
1273 1927 1312 1979 2⁰

168 2017 337 2080 opperiens.

130 2096 145 2145 6
252 2085 309 2145 Per
331 2084 449 2146 eosdem
471 2084 534 2147 dies
552 2103 618 2146 cum
637 2086 672 2147 ad
687 2085 857 2148 Marcellum
880 2085 1052 2148 uenientem
1067 2086 1098 2148 in
1115 2086 1247 2149 Siciliam

167 2170 254 2250 iegati
277 2170 454 2251 Syracusani
478 2170 558 2232 missi
581 2170 617 2231 ab
638 2171 734 2250 Appio
756 2182 867 2245 esseut,
888 2171 996 2233 auditis
1017 2171 1246 2236 condicionibus

167 2256 248 2334 pacis
270 2255 440 2329 Marcellus,
469 2274 557 2335 posse
579 2274 641 2315 rem
671 2256 835 2317 conuenire
863 2266 959 2329 ratus,
989 2266 1020 2318 et
1047 2258 1110 2336 ipse
1132 2257 1246 2338 legatos

167 2340 341 2419 Syracusas,
370 2342 421 2419 qui
444 2358 543 2401 coram
567 2358 634 2401 cum
657 2341 846 2421 praetoribus
867 2341 904 2401 de
926 2342 1101 2403 renouando
1123 2343 1246 2405 foedere
1268 2352 1307 2404 ὃ

129 2437 143 2485 τ
164 2435 302 2506 agerent,
332 2425 419 2487 misit.
465 2434 494 2486 et
516 2426 572 2485 iam
595 2425 635 2485 ibi
659 2443 846 2505 nequaquam
873 2427 975 2487 eadem
998 2427 1082 2506 quies
1104 2444 1139 2489 ac
1160 2436 1245 2489 trau-

165 2511 293 2588 quiiiitas
315 2520 386 2571 erat.
423 2518 579 2590 postquam
596 2510 737 2571 Punicam
757 2511 879 2573 classem
894 2512 1053 2573 accessisse
1071 2511 1243 2592 Pachynum

164 2595 283 2656 aliatum
306 2603 359 2667 est
383 2596 502 2673 dempto
525 2595 631 2655 timore
647 2594 843 2675 Hippocrates
860 2604 890 2656 et
904 2595 1050 2677 Epicydes
1069 2613 1150 2657 onoc
1171 2610 1245 2676 aput

164 2680 386 2742 mercennarios
407 2679 515 2740 milites
538 2698 619 2740 nunc
641 2691 713 2760 aput
734 2682 901 2759 transfugas
922 2680 1008 2760 prodi
1030 2681 1165 2741 Romano
1186 2682 1243 2762 Sy-

251 2846 266 2897 2
285 2843 317 2895 ad
335 2846 358 2894 Ρ
381 2844 405 2896 id
426 2848 495 2898 coni.
512 2846 623 2911 Madvig
641 2846 699 2897 Ena
718 2846 780 2899 Len.
791 2848 851 2912 340,
868 2847 918 2899 dai.
936 2850 1041 2898 conieci
1054 2848 1114 2899 Em.
1125 2848 1187 2899 Lim
1199 2850 1245 2900 111

165 2913 197 2963 11
206 2928 244 2977 aq.
262 2912 272 2977 Ι
291 2914 305 2964 3
325 2912 455 2978 penitendi
473 2913 551 2982 ΡΙΙ4
568 2914 737 2965 andranadori
759 2931 773 2966 a
792 2915 904 2967 themisti
921 2914 992 2982 Pto
1011 2930 1063 2983 que
1079 2915 1243 2985 Pineqnia·

164 2994 240 3045 quam
259 2980 300 3045 ΡΙ,
323 2996 393 3035 corr.
411 2982 446 3032 1²¹
462 2980 472 3049 ΙΙ
493 2981 509 3034 ’6
528 2985 638 3034 statutus
656 2985 698 3033 est
714 2986 734 3047 ς
760 2988 844 3035 status
867 2989 956 3035 esseut
973 2990 1085 3036 statutus
1102 2991 1191 3036 essem
1207 2985 1242 3035 Ρι

163 3052 275 3100 statutus
293 3054 380 3100 essent
397 3048 430 3100 1³¹
450 3048 460 3115 ΙΙ
483 3053 496 3100 '1
517 3048 747 3117 neneciopiuantib.
767 3052 789 3101 P
808 3050 818 3117 Ι
840 3052 855 3102 8
874 3050 1065 3117 hippochratem
1085 3050 1135 3117 ΡΙ
1156 3054 1172 3105 8
1190 3052 1241 3105 hae

162 3132 215 3167 roa.
231 3133 266 3167 eor
284 3116 347 3168 haec
366 3116 408 3182 ΡΙΙ
424 3120 450 3168 11
473 3117 545 3169 turba
565 3116 598 3167 1³2
627 3118 716 3170 turbus
733 3118 915 3185 P¹1periuyie
932 3134 987 3170 raa.
1005 3135 1041 3169 aa
1059 3118 1181 3185 perfugiis
1199 3121 1243 3189 ΡΙ

165 3186 195 3237 18
215 3184 335 3236 trahenda
354 3200 381 3237 re
399 3198 457 3236 esse
475 3185 499 3236 P
529 3185 678 3237 trahendam
699 3199 753 3237 rem
771 3201 828 3238 esse
846 3191 915 3249 (esse
933 3187 984 3237 del.
1001 3186 1069 3239 uu.
1083 3188 1161 3251 Voss)
1180 3202 1243 3240 cen·

162 3256 256 3317 sereg
284 3254 309 3304 in
329 3252 451 3305 trahenda
475 3268 503 3305 re
521 3268 579 3305 esse
596 3253 691 3304 Duker·
719 3253 857 3306 trahendae
874 3254 911 3305 rei
930 3269 987 3306 esse
1004 3254 1119 3320 Ruperti
1147 3256 1240 3308 intenti

163 3320 300 3373 trahendae
319 3323 354 3373 rei
373 3336 430 3374 esse
446 3322 478 3375 11.
490 3322 514 3373 J.
526 3321 640 3372 Mueller
666 3320 788 3372 trahenda
807 3336 835 3373 re
851 3322 877 3372 iu
891 3337 961 3374 mora
979 3337 1038 3373 esse
1054 3322 1100 3373 oet
1116 3323 1241 3377 trahenda

161 3402 188 3440 re
212 3404 298 3443 morae
322 3404 381 3441 esse
404 3387 492 3442 Maur.
510 3388 622 3440 Mueller
639 3390 731 3440 annot
745 3390 814 3455 phil.
827 3390 877 3443 123
888 3390 981 3454 (1881)
992 3390 1044 3442 677
1071 3390 1192 3443 trahenda
1210 3407 1241 3444 re

161 3470 266 3508 censere
284 3455 424 3508 eludendos
443 3471 500 3509 esse
512 3458 597 3509 dubit,
611 3460 680 3511 coni.
697 3456 838 3509 War'saanb.
865 3459 948 3525 primo
960 3458 1114 3510 extrahenda
1134 3474 1174 3519 τος
1192 3460 1241 3513 sed

161 3529 291 3589 postremo
312 3524 420 3589 Madvig
445 3524 527 3591 primo
546 3524 729 3577 extrahendam
746 3527 794 3577 rati
812 3540 865 3577 rem
884 3540 942 3578 esse
959 3526 1087 3591 Zingerle
1102 3526 1114 3593 Ι
1133 3530 1165 3579 1⁴
1182 3542 1244 3594 pre·

161 3596 230 3642 tores
245 3590 289 3658 Pit
304 3594 334 3644 15
353 3606 444 3658 aegrae
455 3592 497 3659 ΡΙΙ
512 3596 541 3646 17
561 3594 599 3644 eis
617 3593 714 3657 aiiosg
739 3593 831 3645 eoiiios
842 3594 885 3659 ΡΙ
900 3596 931 3646 18
944 3594 1054 3647 romania
1066 3596 1107 3657 ΡΙ
1122 3596 1155 3648 19
1172 3610 1243 3661 qno

161 3672 219 3709 nam
237 3662 256 3722 ς
279 3659 398 3724 quoniam
418 3659 463 3725 Py
483 3662 515 3713 20
533 3661 596 3713 ortis
615 3662 661 3726 ΡΗ
680 3662 714 3713 24
731 3660 780 3727 ipsi
799 3662 846 3725 ΡΙ
864 3664 896 3714 25
914 3662 1045 3729 syracusis
1062 3661 1156 3727 Pyro
1174 3666 1201 3714 et
1217 3666 1247 3716 P

160 3725 205 3777 sed
228 3742 283 3777 non
305 3729 484 3778 necatorium
507 3728 583 3779 duait
602 3728 690 3779 Fabri
705 3729 716 3795 Ι
733 3730 765 3781 m
789 3729 925 3795 pachinum
943 3728 990 3796 Py
1009 3732 1041 3783 28
1059 3730 1174 3795 epicides
1191 3730 1243 3801 ΡΙ

161 3794 194 3845 29
213 3793 359 3860 transfusus
377 3794 418 3860 1³¹,
436 3810 505 3845 corr.
524 3794 578 3861 P’y
593 3796 720 3848 siracusas
738 3797 779 3859 1³¹,
798 3798 919 3849 corr.1²¹
