2734 4250
171 173 212 231 40
554 169 649 223 UBER
667 170 756 237 XXVI,
774 173 815 225 33.
834 172 867 224 34
1103 196 1124 227 a.
1140 196 1163 231 u.
1178 198 1199 229 o.
1214 188 1249 230 bll

125 354 154 405 14
175 344 265 407 rebus
287 344 358 424 quid
380 344 444 405 fieri
468 344 564 407 uelitis
586 343 723 420 lubeatis,
753 362 808 407 uos
835 361 925 421 rogo,
955 332 1102 415 Quirites?
1150 342 1253 424 plebes

175 430 218 492 sio
240 430 326 492 iussit
342 424 444 501 ‘Quod
472 440 593 492 senatus
618 430 745 502 iuratus,
773 428 898 489 maxima
924 447 1007 509 pars,
1037 438 1171 504 censeat,
1201 430 1252 509 qui

127 514 300 587 eraderent,
322 514 350 575 id
367 514 506 576 uolumus
523 508 739 595 iubemusque.³
778 532 814 575 er
836 514 893 575 hoc
914 513 1012 594 plebei
1035 515 1108 576 scito
1129 524 1253 576 senatus

176 600 331 661 consultus
346 598 460 680 Oppiae
475 599 656 679 Cluuiaeque
678 600 807 680 primum
830 599 909 660 bona
932 618 966 660 ao
985 599 1150 661 libertatem
1166 600 1255 661 resti·

176 684 247 746 tuit:
271 684 295 746 si
319 702 376 763 qua
398 685 453 745 alia
474 686 605 765 praemia
625 694 729 764 petere
751 685 787 745 ab
810 693 914 745 senatu
937 683 1057 757 uellent,
1080 684 1185 746 uenire
1206 694 1289 747 esse

141 777 157 827 1
177 768 311 831 Romam.
349 769 505 849 Campanis
526 770 556 831 in
576 770 700 833 familias
714 769 845 848 singulas
860 768 977 831 decreta
992 771 1079 841 facta,
1095 787 1172 849 quae
1190 788 1253 831 non

141 862 156 913 3
179 856 428 935 operaepretium
444 864 490 917 est
504 856 603 917 omnia
619 872 804 916 enumerare.
834 853 958 915 aliorum
973 854 1051 916 bona
1066 854 1255 934 publicanda,

178 940 259 1020 ipsos
273 939 443 1021 liberosque
459 958 563 1002 corum
585 948 615 1000 et
629 940 773 1020 coniuges
787 940 961 1001 uendeodas
976 950 1057 1001 extra
1072 940 1155 1014 filias,
1179 958 1256 1019 quae

179 1025 378 1105 enupsissent,
401 1026 572 1106 priusquam
595 1025 626 1086 in
642 1024 746 1106 populi
761 1024 886 1086 Romani
907 1033 1082 1105 potestatem
1097 1025 1255 1099 uenirent;

142 1118 158 1169 l
180 1108 252 1172 alios
273 1111 304 1171 in
326 1111 447 1174 uincula
469 1110 656 1186 condendos,
680 1127 715 1170 ac
737 1110 773 1171 de
795 1110 831 1171 iis
853 1109 1000 1191 posterius
1023 1110 1306 1184 consulendum31tt

178 1194 303 1256 aliorum
319 1196 537 1276 Campanorum
559 1213 705 1257 summam
728 1195 814 1257 etiam
837 1214 946 1257 census
963 1194 1174 1269 distinxerunt,
1200 1214 1256 1277 pu·
1355 1232 1356 1237 κ

142 1280 314 1341 oblicanda
337 1300 434 1343 necne
455 1279 533 1342 bona
556 1289 670 1357 essent3
700 1298 793 1361 pecua
819 1280 935 1360 captiua
966 1288 1083 1361 praeter
1105 1299 1200 1360 equos
1228 1292 1259 1341 et

179 1366 326 1446 mancipia
352 1375 471 1446 praeter
498 1364 628 1445 puberes
654 1364 740 1426 uirile
770 1384 856 1427 secus
884 1374 915 1426 et
942 1364 1056 1440 omnia,
1085 1383 1162 1447 quae
1192 1365 1258 1428 solo

143 1458 159 1507 e
180 1469 241 1512 non
258 1451 494 1524 continerentur,
517 1450 699 1512 restituenda
717 1460 901 1513 censuerunt
916 1450 1053 1513 dominis.
1090 1450 1259 1532 Campanos
1353 1490 1354 1513 r

182 1536 288 1610 omnis,
310 1535 470 1607 Atellanos,
493 1534 651 1610 Calatinos,
674 1534 839 1607 Sabatinos,
864 1546 946 1596 extra
969 1553 1056 1614 quam
1080 1537 1130 1616 qui
1154 1555 1260 1598 eorum
1281 1544 1307 1595 ts

180 1630 231 1681 aut
253 1620 309 1700 ipsi
336 1629 388 1681 aut
415 1630 556 1701 parentes
577 1638 682 1681 eorum
712 1629 784 1701 aput
804 1620 898 1682 bostis
920 1630 1034 1694 essem,
1061 1620 1171 1684 liberos
1194 1640 1259 1684 csse

143 1715 159 1764 ’1
180 1704 331 1766 iusserunt
352 1706 407 1780 ita,
436 1714 470 1766 ut
492 1723 580 1766 nemo
603 1723 707 1766 eorum
730 1705 805 1767 ciuis
827 1703 978 1765 Romanus
1006 1713 1057 1766 aut
1081 1706 1178 1768 Latini
1203 1725 1260 1767 no-
1355 1742 1356 1785 3

180 1789 271 1851 minis
292 1798 378 1866 esset,
401 1809 478 1853 neue
500 1791 702 1870 quiscerem,
725 1790 776 1869 qui
792 1789 907 1872 Capuae
928 1789 1040 1865 luisset,
1062 1790 1131 1851 dum
1155 1802 1261 1872 portae
1355 1814 1356 1859 3

181 1873 298 1935 clausae
315 1884 423 1950 essent,
445 1876 475 1936 in
492 1875 567 1937 urbe
581 1893 694 1955 agroue
709 1875 857 1954 Campano
879 1874 957 1935 intra
972 1884 1083 1937 certam
1098 1876 1175 1938 diem
1197 1894 1260 1937 ma·

144 1969 160 2020 8
181 1969 276 2031 neret,
299 1960 381 2021 locus
403 1959 454 2021 ubi
469 1960 637 2022 habitarent
657 1970 741 2021 trans
756 1959 897 2035 Tiberim,
919 1959 970 2039 qui
992 1979 1054 2023 non
1070 1962 1262 2042 contingeret
1283 1970 1309 2021 et

182 2044 322 2117 Tiberim,
345 2046 481 2121 daretur3
504 2046 554 2125 qui
575 2063 631 2107 nec
646 2045 763 2125 Capuae
786 2062 842 2105 nec
864 2044 894 2106 in
911 2045 985 2105 urbe
1002 2046 1161 2127 Campana,
1184 2066 1261 2128 quae

183 2148 198 2191 a
221 2130 332 2211 populo
347 2131 482 2192 Romano
505 2131 669 2207 defecisset,
692 2149 745 2212 per
761 2127 872 2192 bellum
887 2131 1020 2205 fuissent,
1042 2151 1094 2194 eos
1107 2132 1152 2194 cis
1167 2133 1262 2195 Lirim
1355 2135 1356 2150 ¹

146 2225 161 2275 9
182 2234 299 2277 amnem
314 2215 438 2277 Romam
454 2235 571 2293 uersus;
595 2216 645 2296 qui
659 2216 696 2277 ad
713 2215 862 2277 Romanos
876 2215 1062 2291 transissent,
1085 2218 1261 2298 prinsquam
1355 2231 1356 2284 l

184 2301 313 2382 Capuam
336 2300 483 2363 Hannibal
504 2301 636 2375 ueniret,
665 2301 708 2363 cis
730 2299 907 2363 Vulturnum
931 2302 1113 2365 emouendos
1134 2322 1263 2366 censue-
1355 2295 1356 2376 l

184 2395 265 2460 runt,
287 2405 326 2446 ne
348 2387 415 2466 quis
430 2403 533 2447 eorum
555 2386 679 2466 propius
694 2403 774 2446 mare
791 2384 960 2464 quindecim
981 2386 1102 2450 milibus
1121 2406 1264 2468 passuum
1286 2397 1315 2448 a
1355 2401 1356 2420 ¹

134 2480 163 2531 10
184 2489 288 2551 agrum
310 2470 514 2533 aedificiumue
535 2470 667 2532 haberet.
711 2471 762 2549 qui
785 2487 888 2531 eorum
912 2479 995 2533 trans
1017 2470 1148 2534 Tiberim
1171 2475 1263 2536 emoti

184 2564 300 2630 essent,
329 2575 368 2618 ne
389 2555 445 2636 ipsi
470 2556 621 2636 posteriue
643 2573 747 2616 eorum
775 2555 888 2635 uspiam
916 2565 1056 2636 pararent
1077 2557 1264 2621 haberentue

185 2641 243 2703 nisi
264 2640 295 2702 in
316 2639 454 2714 Veiente,
477 2640 600 2702 Sutrino
623 2640 810 2720 Nepesinoue
832 2657 920 2720 egro,
942 2641 1012 2703 dum
1035 2661 1074 2704 ne
1097 2643 1145 2704 cui
1167 2644 1264 2705 maior

134 2735 163 2787 11
185 2743 272 2805 quam
306 2725 519 2806 quinquaginta
550 2725 687 2805 iugerum
723 2724 784 2804 agri
821 2725 927 2788 modus
958 2736 1044 2788 esset
1089 2738 1262 2790 senatorum

187 2809 319 2872 omnium
336 2811 446 2890 quique
461 2811 647 2890 magistratus
663 2810 789 2890 Capuae,
812 2809 931 2884 iselae,
955 2811 1080 2874 Calatiae
1103 2813 1267 2892 gessissent
1285 2822 1318 2872 et

185 2893 264 2955 bona
291 2895 397 2957 uenire
425 2895 541 2978 Capuae
567 2895 735 2970 iusserunt,
762 2894 856 2956 libera
878 2913 1018 2976 corpora,
1046 2915 1121 2977 quae
1150 2917 1264 2960 uenum

260 3100 272 3150 1
292 3094 353 3149 fiere
370 3095 413 3164 Pl
425 3097 537 3150 iubentis
560 3097 655 3148 addidi
669 3096 730 3149 Ean,
748 3096 808 3150 bin.
827 3097 842 3148 1
858 3099 904 3160 11,
929 3113 979 3149 one.
997 3097 1022 3148 P
1054 3100 1069 3151 2
1087 3113 1139 3166 quo
1157 3107 1267 3153 senatus

189 3164 232 3233 Pl
246 3167 261 3218 3
278 3164 364 3217 ebsint
381 3165 436 3228 (uel
451 3164 537 3217 adsint
553 3165 579 3216 in
598 3169 698 3230 senatu)
718 3164 907 3218 Weissenborn
925 3165 992 3216 duce
1041 3166 1118 3217 celsio
1130 3170 1179 3232 qus'
1190 3167 1266 3221 atisid

189 3235 234 3300 (=
250 3232 327 3298 adsit)
345 3236 496 3285 coniecerat
513 3231 613 3285 adsient
631 3233 712 3286 Cobet
727 3232 852 3285 Mnemon
871 3235 886 3285 1
907 3233 998 3298 (1852)
1019 3233 1201 3288 rossensem
1218 3236 1268 3304 Pl

187 3302 411 3369 iubemusqneqne
428 3301 471 3369 Pl
483 3300 635 3369 plebeiscito
654 3300 735 3353 Gron.
758 3300 909 3370 plebeiscito
926 3301 951 3352 P
965 3301 1101 3368 plebiscito
1120 3309 1140 3367 ς
1155 3303 1167 3370 l
1184 3307 1202 3357 1
1219 3319 1267 3372 sp-

189 3371 247 3436 pise
265 3369 425 3438 eluuieeqnae
442 3369 512 3437 Pl'l
532 3368 656 3434 prsetinm
675 3371 699 3420 Ρ
711 3370 752 3435 18
769 3384 820 3437 qne
837 3369 879 3436 Pl
895 3372 922 3422 11
943 3383 1040 3422 summa
1064 3370 1157 3422 liuber-
1169 3371 1266 3434 1111111-

188 3445 281 3490 1ernnt
298 3438 339 3502 P¹,
357 3454 427 3491 corr.
444 3436 478 3490 P¹
490 3437 500 3505 l
514 3439 546 3490 12
564 3451 643 3503 pecus
663 3453 698 3488 ec
710 3451 792 3503 peenu
805 3437 837 3488 P¹
849 3435 860 3503 l
874 3439 906 3492 te
918 3441 1003 3504 preter
1013 3437 1123 3505 puberes
1134 3439 1176 3504 Pl
1188 3440 1266 3494 uirile

189 3521 265 3558 seem
282 3505 339 3558 loc.
350 3505 432 3558 Geon.
449 3505 616 3558 uirilessexns
632 3506 657 3557 P
679 3505 761 3556 uirilis
778 3519 855 3557 sexus
875 3506 963 3571 §lib
980 3505 1125 3558 censuerint
1143 3507 1269 3562 dominns
1355 3497 1356 3574 l

189 3573 232 3639 Pl
247 3576 278 3626 19
296 3573 435 3641 clausePl
447 3572 511 3625 intre
526 3572 621 3624 Poltra
639 3571 860 3639 Wesenberglbt
878 3576 1006 3639 cepnaeg
1017 3579 1109 3640 ceptae
1121 3575 1207 3644 Plan
1219 3592 1268 3644 po-
1355 3577 1356 3636 l

190 3643 253 3708 pulo
276 3656 381 3693 romono
406 3646 426 3704 ς
448 3640 563 3709 populob
586 3641 610 3690 P
623 3640 633 3707 l
646 3643 678 3693 23
697 3655 789 3693 omnen
811 3639 905 3705 Pllb
928 3640 1046 3706 proprios
1064 3642 1157 3707 Puta
1195 3653 1268 3698 oste·

190 3709 246 3761 riue
265 3714 285 3772 ς
307 3709 437 3775 posterius
453 3709 478 3760 P
493 3708 504 3777 l
521 3711 553 3762 ts
571 3708 673 3761 ueieote
692 3713 711 3773 ς
728 3707 847 3760 ueniente
865 3721 941 3774 agros
957 3708 1004 3775 Pl
1024 3710 1064 3761 cni
1084 3716 1104 3774 ς
1123 3711 1150 3763 ni
1221 3714 1268 3780 qui

191 3775 248 3845 P'l
262 3779 295 3829 30
313 3775 419 3827 celetiae
437 3780 457 3841 ς
479 3776 568 3842 soleae
585 3777 618 3829 P¹
642 3775 743 3842 gaietae
760 3773 815 3842 P¹l
829 3774 1022 3828 Sabatinos-uns
1039 3793 1136 3832 nonen
1154 3784 1270 3833 ἐπίοι-σι’·

192 3845 261 3895 dr'sse
279 3845 347 3896 cons'.
366 3842 552 3895 Weissenborn
564 3844 575 3911 l
586 3845 617 3896 31
638 3844 725 3897 uenire
744 3859 778 3894 ec
795 3842 908 3896 uenirem
925 3843 958 3896 P¹
1355 3833 1356 3912 l
