2734 4250
193 85 256 144 204
574 81 668 136 LIBER
685 83 782 150 ΧΧΙῙΙΙ,
800 87 841 138 18.
856 86 887 137 19
1137 111 1158 144 a.
1167 111 1191 143 u.
1201 112 1224 142 ο.
1234 104 1278 143 oto

192 258 296 338 generi
319 276 381 319 nou
404 258 496 337 prius,
520 274 607 335 quam
629 256 734 336 pulsus
755 255 837 316 ltalia
859 255 952 317 bostis
973 265 1060 331 esset,
1083 255 1202 317 linitum
1218 256 1276 317 sti-

127 360 128 363 ’
192 343 371 423 pendiorum
393 351 510 422 tempus
531 349 604 402 crat.

140 438 169 489 10
277 427 349 489 Cum
372 445 512 488 censores
534 427 572 486 ob
589 425 719 506 inopiam
741 425 836 486 aerari
858 444 890 486 se
904 425 962 485 iam
983 424 1180 487 locationibus
1203 425 1275 487 abs-

192 513 324 574 tinerent
351 511 465 572 aedium
496 529 646 572 sacrarum
675 510 853 572 tuendarum
882 509 1091 589 curuliumque
1123 528 1275 588 equorum

139 608 168 658 11
189 597 429 678 praebendorum
445 614 479 656 ac
491 596 629 656 similium
642 595 689 656 nis
704 613 814 667 rerum,
829 613 1002 656 conuenere
1015 595 1051 655 ad
1063 613 1115 656 eos
1130 596 1275 673 trequen—
1298 606 1319 656 5

191 691 244 756 tes,
268 682 319 761 qui
334 682 434 743 hastae
450 681 537 741 buius
560 681 679 760 generis
702 681 907 752 adsueuerant,
929 680 1096 759 hortatique
1119 698 1274 756 censores,

191 776 225 828 ut
247 767 345 827 omnia
368 765 492 846 perinde
515 763 637 844 agerent
664 765 812 839 locarent,
837 783 871 825 ac
900 765 924 826 si
946 765 1073 844 pecunia
1101 765 1133 824 in
1155 765 1274 826 aerario

192 859 284 914 esset:
315 851 465 912 neminem
494 850 551 911 nisi
578 851 655 912 bello
680 851 818 911 conlecto
841 849 999 928 pecuniam
1020 849 1058 910 ab
1080 850 1194 910 aerario
1217 869 1275 929 pe·

141 947 169 998 12
190 937 314 998 titurum
338 955 413 998 esse.
458 953 628 996 conuenere
652 934 759 995 deiude
774 935 885 994 domini
902 952 1015 1008 eorum,
1038 927 1114 1013 quo's
1128 933 1275 995 'lisam-

190 1021 315 1101 pronius
337 1021 373 1081 ad
397 1020 603 1081 Reneuentum
633 1038 723 1081 manu
753 1020 906 1091 emiserat,
936 1020 1152 1097 arcessitosque
1179 1038 1212 1080 se
1234 1019 1275 1080 ab
1300 1033 1338 1083 lu

192 1106 355 1167 triumuiris
370 1105 525 1166 mensariis
546 1123 611 1166 esse
635 1106 785 1178 dixerunt,
806 1113 841 1165 ut
862 1105 955 1183 pretia
977 1122 1133 1166 seruorum
1154 1104 1275 1183 accipe·

190 1201 271 1252 rent:
296 1200 428 1252 ceterum
451 1209 512 1250 non
536 1198 604 1250 aute
626 1207 715 1268 quam
738 1189 815 1250 bello
838 1189 977 1250 conlecto
999 1197 1175 1268 accepturos
1196 1208 1275 1251 esse.

139 1287 166 1338 ta
189 1295 257 1338 cunr
281 1278 354 1337 haec
375 1275 529 1336 inclinatio
552 1273 720 1336 animorum
743 1274 838 1353 plebis
860 1274 896 1334 ad
913 1274 1117 1335 sustinendam
1139 1274 1274 1353 inopiam

189 1361 285 1422 aerari
306 1363 399 1435 lieret,
422 1360 567 1440 pecuniae
590 1378 710 1438 quoque
732 1359 893 1439 pupillares
907 1359 1014 1439 primo,
1036 1359 1143 1420 deinde
1165 1359 1275 1420 uidua·

138 1455 166 1507 11
187 1465 254 1506 rum
270 1454 393 1525 coeptae
409 1443 550 1517 conferri,
573 1462 722 1523 nusquam
743 1462 792 1506 eas
807 1445 899 1506 tutius
914 1445 1104 1522 sanctiusque
1118 1442 1276 1523 deponere
1302 1454 1340 1504 to

191 1530 391 1601 credentibus,
415 1529 465 1607 qui
481 1528 664 1603 deferebant,
688 1547 776 1608 quam
797 1530 827 1589 in
844 1529 962 1608 publica
978 1528 1051 1604 lido;
1074 1528 1143 1589 inde
1157 1531 1183 1590 si
1199 1530 1276 1608 quid
1360 1548 1361 1625 3

110 1687 113 1704 Ι
190 1626 323 1694 emptum
347 1624 543 1694 paratumque
564 1613 685 1693 pupillis
708 1632 742 1674 ac
757 1614 855 1676 uiduis
877 1613 965 1684 loret,
987 1622 1179 1692 aquaestore
1200 1633 1275 1693 per·
1360 1628 1361 1631 ’

137 1709 165 1760 15
187 1700 383 1762 scribebatur.
421 1699 553 1759 manauit
575 1717 608 1759 ea
631 1699 815 1778 priuatorum
838 1698 1008 1778 benignitas
1028 1717 1065 1759 ex
1084 1697 1160 1759 urbe
1181 1699 1274 1760 etiam

189 1784 220 1846 in
244 1794 353 1856 castra,
382 1790 499 1845 utnon
523 1801 628 1862 eques,
660 1803 721 1844 non
745 1784 881 1846 centurio
915 1783 1095 1863 stipendium
1122 1784 1275 1863 acciperet

191 1868 491 1947 mercennariumque
513 1869 706 1947 increpantes
727 1878 881 1940 uocarent,
904 1871 955 1948 qui
976 1869 1148 1948 accepisset.
1301 1880 1339 1930 2⁰

138 1957 174 2013 13
278 1953 797 2025 (111111111111111111111111
816 1963 908 2015 castra
926 1953 1061 2024 babebat,
1084 1953 1164 2032 quod
1178 1954 1275 2014 duum
1360 1972 1361 1983 ¹

190 2036 302 2100 milium
315 2039 532 2118 Campanorum
548 2047 577 2098 et
587 2039 844 2117 septingentorum
861 2038 985 2099 militum
999 2038 1171 2100 Hannibalis
1185 2047 1275 2100 tene·

153 2135 168 2187 1
191 2123 278 2185 batur
299 2126 456 2205 praesidio.
498 2134 632 2204 praeerat
654 2126 764 2186 Statius
788 2125 894 2187 lletius
915 2125 1022 2187 missus
1043 2124 1080 2185 ab
1104 2125 1158 2186 Cu.
1175 2124 1274 2204 blagio

191 2210 337 2283 Atellano,
361 2210 411 2289 qui
434 2229 469 2271 eo
484 2228 565 2271 anno
582 2210 677 2270 medix
693 2209 802 2271 tuticus
823 2218 887 2271 erat
908 2210 1087 2288 seruitiaque
1107 2220 1137 2271 et
1151 2209 1274 2288 plebem

191 2296 359 2374 promiscue
381 2304 516 2367 armarat,
545 2301 578 2355 ut
600 2306 694 2355 castra
718 2294 848 2355 Romana
878 2296 1033 2356 inuaderet
1057 2294 1174 2356 intento
1196 2313 1275 2355 con·
1300 2304 1334 2355 25

191 2381 255 2442 sule
277 2380 311 2443 ad
329 2380 488 2441 Casilinum
513 2380 757 2459 oppugnandum.
794 2380 868 2440 nihil
890 2398 993 2441 eorum
1012 2380 1135 2441 Fabium
1157 2380 1274 2441 lelellit.

153 2474 168 2524 8
190 2466 289 2544 itaque
305 2466 407 2526 Nolam
424 2464 461 2526 ad
476 2465 617 2544 collegam
633 2465 733 2537 mittit,
755 2464 847 2526 altero
863 2465 1005 2536 exercitu,
1024 2466 1094 2527 dum
1110 2465 1275 2527 Casilinum

154 2560 169 2610 1
191 2561 391 2630 oppugnatur,
414 2568 490 2629 opus
512 2569 586 2623 esse,
610 2550 661 2628 qui
684 2549 841 2629 Campanis
863 2560 1049 2630 opponatur:
1071 2550 1121 2611 uel
1144 2552 1207 2630 ipse
1223 2569 1274 2611 re·

192 2634 261 2695 licto
285 2635 374 2695 Nolae
396 2635 541 2714 praesidio
565 2634 680 2695 modico
705 2635 821 2695 ueniret
842 2636 900 2708 uel,
923 2635 1037 2696 sicum
1060 2636 1132 2696 Nola
1154 2646 1276 2697 teneret

194 2719 321 2781 necdum
342 2736 464 2781 securae
480 2738 528 2781 res
548 2720 585 2781 ab
602 2718 767 2780 Hannibale
783 2729 891 2795 essent,
914 2739 947 2781 se
962 2720 1006 2780 Ti.
1019 2719 1186 2781 Gracchum
1200 2739 1274 2800 pro·
1298 2732 1328 2781 ³⁰

155 2812 169 2863 t
191 2804 343 2865 consulem
359 2822 376 2863 a
391 2803 563 2865 Reneuento
579 2806 753 2865 acciturum.
788 2805 846 2866 hoc
862 2806 967 2867 nuntio
982 2805 1139 2868 Marcellus
1153 2805 1274 2868 duobus

192 2888 317 2949 militum
339 2888 458 2951 milibus
473 2890 563 2950 Nolae
585 2891 616 2950 in
633 2890 778 2970 praesidio
802 2890 912 2952 relictis
934 2908 1002 2951 cum
1021 2901 1121 2952 cetero
1137 2892 1273 2952 exercitu

194 2972 352 3035 Casilinum
377 2974 468 3049 uenit,
490 2975 680 3053 aduentuque
703 2975 767 3036 eius
782 2974 924 3055 Campani
947 2976 1004 3036 iam
1027 2986 1183 3038 mouentes
1204 2994 1274 3037 sese

156 3058 383 3139 oquieuerunt.
433 3060 472 3121 ita
500 3060 536 3121 ab
565 3059 683 3121 duobus
716 3060 888 3122 consulibus
916 3060 1075 3123 Casilinum
1104 3061 1274 3142 oppugnari

193 3145 299 3225 coepit.
338 3143 390 3206 ubi
412 3164 480 3206 cum
503 3146 594 3206 multa
615 3145 809 3207 succedentes
832 3156 943 3208 temere
964 3146 1122 3208 moenibus
1144 3146 1274 3207 Romani
1296 3155 1325 3204 at

278 3282 294 3331 3
312 3295 340 3332 se
359 3278 394 3331 Ρ2
419 3285 460 3332 set
478 3280 509 3329 Ρ1
523 3278 533 3345 l
545 3282 560 3331 5
580 3280 718 3330 conuenire
736 3279 767 3329 ΙΙ.
780 3279 803 3330 J.
817 3278 929 3330 Mueller
946 3282 1065 3329 retinens
1081 3294 1146 3330 mear
1163 3278 1274 3331 bertari·

193 3363 243 3415 que
256 3346 295 3415 llo
313 3348 461 3415 bortatique
480 3353 500 3413 ς
529 3346 652 3414 hortariq.
670 3346 740 3413 Pll'l
759 3345 854 3415 (suot)
870 3354 900 3398 ut
918 3346 1029 3412 Madvig
1046 3347 1105 3398 Em.
1121 3347 1182 3398 Liar.
1193 3346 1275 3416 264ss

192 3416 305 3467 locarent
327 3432 358 3467 ue
376 3421 396 3481 ς
421 3418 536 3468 locarent
554 3415 603 3467 del.
623 3416 702 3467 Cobet
718 3415 1076 3483 111111.1(1855)253111
1095 3416 1219 3467 mensuris
1232 3416 1274 3484 Pu

193 3482 288 3601 piraetia
308 3432 348 3551 l’l
375 3488 407 3537 11
425 3485 506 3551 primo
525 3482 559 3533 1¹²
584 3484 666 3549 primu
686 3483 718 3533 Ρι
736 3484 746 3550 Ι
766 3486 798 3536 15
817 3482 946 3550 deponere
968 3479 1082 3553 (posse)
1100 3484 1184 3535 dubit.
1202 3488 1274 3535 roni.
1360 3493 1361 3514 ¹

217 3554 323 3600 tamenn
344 3552 349 3617 Ι
378 3554 409 3604 16
428 3552 449 3603 sl
473 3553 529 3620 quit
552 3554 574 3603 Ρ
591 3551 601 3618 ΙΙ
626 3554 655 3603 l't
674 3551 898 3618 perscribebantor
915 3552 939 3603 P
957 3551 967 3619 Ι
988 3553 1021 3605 lt)
1043 3552 1205 3617 accepissent
1226 3553 1274 3617 Pl

195 3620 227 3671 22
241 3620 303 3675 βᾶ·
323 3620 346 3669 Ρ
364 3618 374 3684 ΙΙ
396 3621 427 3671 23
447 3620 558 3686 presidio
575 3620 599 3670 P
617 3619 626 3687 ΙΙ
648 3621 682 3671 34
700 3619 799 3671 maedir
816 3619 864 3686 ΡΙ
883 3622 916 3673 25
934 3624 1044 3672 armarat
1060 3621 1107 3672 eet
1121 3620 1238 3672 armabat
1255 3626 1275 3687 ς

194 3694 275 3738 armat
293 3686 334 3753 ΡΙΙ
348 3688 380 3739 23
399 3692 496 3739 teneret
513 3688 537 3740 J.
552 3688 582 3737 H.
596 3686 663 3738 Voss
689 3691 790 3739 teneret
807 3693 833 3739 et
848 3688 889 3756 ΡΙ
903 3690 936 3741 30
954 3703 1044 3741 secure
1061 3688 1104 3756 ΡΙ
1116 3703 1145 3741 se
1162 3688 1205 3754 1²¹,
1222 3690 1275 3742 del.

193 3753 294 3822 1111133
316 3756 433 3820 campani
451 3756 500 3807 iam
519 3754 554 3806 1²²
579 3756 738 3821 campaniam
756 3756 789 3806 P¹
