2734 4250
624 895 670 976 T.
693 895 831 976 LIVl

513 1031 568 1092 nu
591 1031 711 1092 vnnu
735 1031 938 1095 connire

617 1214 709 1267 blBHll
728 1213 837 1268 xxvttt.

159 1366 175 1418 1
275 1355 348 1417 Cum
363 1354 490 1416 transitu
506 1353 706 1427 Hasdrubalis,
730 1362 872 1434 quantum
889 1354 919 1415 in
936 1353 1047 1414 ltaliam
1065 1353 1275 1417 declinauerat

190 1441 270 1515 belli,
292 1449 408 1502 tautum
428 1440 542 1501 leuatae
556 1439 716 1518 Hispaniae
740 1439 921 1513 uiderentur,
944 1446 1081 1500 renatum
1104 1437 1146 1500 ibi
1168 1439 1274 1502 subito

154 1537 169 1587 t
190 1545 244 1607 par
266 1526 358 1607 priori
380 1525 490 1586 bellum
512 1533 566 1586 est
612 1523 767 1603 Hispanias
796 1542 829 1585 ca
852 1531 1025 1605 tempestate
1054 1524 1097 1585 sic
1119 1523 1275 1587 habebant

190 1611 316 1672 llcmani
340 1610 507 1688 Poenique:
530 1608 695 1670 Hasdrubal
721 1608 859 1689 Gisgonis
880 1610 958 1671 lilius
980 1609 1015 1670 ad
1039 1608 1191 1670 Oceanum
1215 1630 1274 1690 pc-

156 1697 275 1756 tuitus
298 1695 444 1772 Gadisque
466 1704 671 1768 concesserat;
695 1696 788 1755 nostri
811 1694 900 1756 maris
922 1713 974 1756 ora
996 1693 1152 1772 omnisque
1175 1695 1274 1757 terme
1299 1709 1313 1756 5

190 1778 342 1858 Hispania,
364 1797 422 1858 qua
445 1778 474 1839 iu
498 1779 643 1840 orientem
659 1778 765 1858 uergit,
788 1779 937 1859 Scipionis
951 1797 985 1840 ao
1000 1779 1151 1840 Humanae
1173 1777 1273 1842 dicio-

155 1864 239 1925 4111
261 1872 334 1925 erat
378 1882 477 1925 nouus
498 1865 659 1943 imperator
677 1863 796 1938 Hanno,
819 1865 849 1926 in
873 1865 971 1926 locum
995 1863 1111 1925 Harcini
1134 1863 1272 1926 Hasdru·

191 1948 265 2011 balis
293 1968 373 2010 nouo
407 1967 473 2010 oum
501 1949 632 2010 exercitu
664 1967 701 2010 ex
729 1949 826 2010 Africa
858 1959 1060 2029 transgressus
1088 1948 1273 2029 Magonique

190 2035 327 2108 iunctus,
354 2051 422 2094 cum
445 2035 474 2095 in
500 2033 671 2108 Celtiberia,
699 2051 774 2113 quae
798 2033 892 2095 media
915 2034 1075 2095 interduo
1097 2034 1188 2094 maria
1213 2045 1272 2110 est,

153 2130 169 2180 t
189 2119 274 2182 breui
298 2138 437 2199 magnum
459 2119 614 2181 bominum
639 2138 797 2181 numerum
820 2130 973 2193 armasset,
1002 2119 1101 2199 Scipio
1124 2119 1274 2183 aduersus
1301 2134 1329 2185 to

189 2225 256 2267 eum
273 2206 311 2267 H.
327 2205 460 2267 Silanum
475 2223 544 2266 cum
560 2205 662 2266 decem
677 2204 754 2265 baud
770 2205 837 2284 plus
860 2204 979 2267 milibus
1000 2205 1135 2277 militum,
1158 2206 1271 2283 equiti·

150 2299 167 2350 a
188 2290 245 2353 bus
260 2292 432 2370 quingentis
446 2290 534 2351 misit
579 2290 698 2351 Silanus
713 2289 832 2367 quantis
847 2290 981 2351 maximis
995 2290 1092 2370 potuit
1107 2290 1272 2353 itineribus

187 2412 230 2422 -
252 2376 444 2456 inpediebaut
473 2385 572 2436 autem
595 2384 625 2435 et
645 2375 818 2454 asperitates
841 2374 956 2436 uiarum
979 2384 1008 2436 et
1030 2374 1182 2452 angustiae
1208 2376 1272 2437 sal-

187 2460 267 2522 tibus
289 2461 412 2534 crebris,
436 2470 469 2521 ut
490 2460 632 2540 pleraque
654 2459 813 2538 Hispaniae
834 2469 914 2533 suut,
938 2460 1069 2521 inclusae
1091 2493 1143 2531 -,
1165 2468 1270 2522 umen

189 2564 250 2606 uon
267 2545 362 2607 solum
378 2545 501 2607 nuutios
515 2546 567 2606 sed
589 2545 677 2605 etiam
701 2545 806 2605 lamam
829 2544 975 2607 aduentus
996 2545 1042 2606 sui
1064 2562 1272 2623 praegressus,
1300 2559 1331 2609 1⁵

188 2628 314 2692 ducibus
335 2630 465 2692 indidem
488 2648 524 2690 ex
547 2629 703 2691 Celtiberia
732 2630 893 2707 transfugis
915 2630 949 2691 ad
972 2630 1086 2691 bostem
1115 2631 1271 2709 peruenit.

151 2715 297 2776 teisdem
319 2715 492 2777 auctoribus
518 2724 694 2793 conpertum
723 2724 782 2785 est,
812 2732 879 2775 oum
909 2714 1011 2775 decem
1040 2713 1159 2777 circiter
1186 2714 1273 2776 milia

188 2800 224 2859 ab
246 2800 332 2860 hoste
353 2800 506 2872 abessent,
534 2799 604 2860 bina
626 2808 721 2860 castra
744 2800 823 2859 circa
845 2799 939 2873 mam,
971 2818 1030 2879 qua
1057 2798 1153 2872 irent,
1182 2816 1272 2861 esse:

187 2883 273 2944 laeua
294 2883 466 2957 Celtiberos,
488 2902 602 2946 nouum
624 2882 801 2957 exercitum,
824 2902 913 2964 supra
936 2900 1045 2945 nouem
1069 2883 1146 2945 milia
1169 2884 1272 2946 bomi-

152 2976 279 3041 snum,
307 2968 409 3029 dextra
438 2968 550 3031 Punica
582 2978 685 3031 tenere
714 2978 817 3030 castra.
862 2987 895 3030 ea
924 2968 1118 3041 stationibus,
1148 2968 1272 3048 uigiliis,
1301 2984 1336 3038 m

189 3052 272 3114 omni
286 3053 362 3116 iusta
377 3053 493 3115 militari
509 3053 641 3116 custodia
655 3062 718 3115 tuta
735 3062 765 3115 et
786 3054 869 3115 llrma
891 3072 965 3129 csse,
988 3055 1036 3116 illa
1058 3053 1148 3115 altera
1169 3053 1273 3117 soluta

188 3138 396 3217 neclectaque,
425 3149 458 3201 ut
486 3138 680 3201 barbarorum
709 3147 740 3199 et
760 3138 892 3200 tironum
916 3148 946 3200 et
967 3139 1067 3200 miuus
1086 3138 1271 3215 timentium,

257 3276 269 3324 1
289 3271 386 3324 italiam
409 3272 447 3323 ΣΙ
470 3272 539 3324 ltalia
558 3272 605 3339 ΡΙ
622 3271 796 3325 declinauerat
814 3273 838 3323 P
857 3273 997 3325 incluserat
1020 3272 1075 3324 2¹?
1097 3271 1273 3325 inclinauerat

188 3337 277 3407 2⁸12
295 3340 330 3391 ibi
349 3342 386 3391 Σ
403 3340 446 3392 ubl
464 3338 535 3421 an
553 3339 630 3408 priori
648 3339 689 3390 2⁸
705 3340 790 3407 priore
808 3340 850 3407 ΡΙ
868 3344 909 3393 eal
926 3341 989 3392 Pel
1006 3340 1209 3408 ffllblspanias
1226 3342 1274 3392 Σ*

187 3407 304 3475 bispauia
323 3409 415 3476 Plsic
432 3406 471 3459 Σ*
487 3422 561 3474 signa
578 3406 649 3475 ΡΙθ
667 3409 694 3460 11
711 3407 758 3473 2³,
776 3424 826 3460 one
843 3410 912 3473 ΡΠ
931 3408 1046 3459 barabiui
1057 3408 1155 3473 ΡΣἫ
1170 3412 1201 3461 lll
1221 3408 1272 3462 ho-

187 3474 284 3527 minum
308 3476 355 3540 2³,
378 3492 428 3529 one.
447 3476 495 3543 Pl
514 3479 543 3529 11
567 3476 656 3529 decem
681 3475 749 3529 baud
773 3476 831 3544 plus
855 3476 968 3528 millibus
992 3476 1073 3528 Gran
1095 3474 1270 3529 decamiliauo

187 3540 247 3607 plus
263 3543 377 3597 millibus
391 3545 425 3596 Ρι
442 3544 575 3595 decemilia
593 3558 638 3596 seu
651 3544 711 3610 plus
726 3542 760 3595 Ρ
777 3543 864 3596 decem
883 3543 986 3595 milibus
998 3542 1058 3610 M
1073 3546 1104 3597 ts
1135 3545 1269 3610 cingentis

187 3606 260 3657 w
278 3611 424 3676 quingentis
437 3612 545 3663 militum
558 3612 690 3679 equilibus
703 3612 850 3679 quingentis
862 3612 894 3663 ΡΙ
907 3610 1105 3730 qpotuitinem'b.
1153 3612 1163 3679 Ι
1177 3614 1208 3665 ta
1221 3627 1271 3665 au-

188 3676 289 3739 gustiae
305 3693 340 3728 eac
357 3679 474 3743 angumia
493 3678 525 3729 Ρ1
539 3681 594 3744 116
611 3679 761 3731 celliliberia
779 3679 811 3732 1²¹
829 3679 910 3731 cellitl
929 3681 980 3732 aria
999 3680 1033 3731 1³¹
1068 3679 1207 3745 baualugls
1226 3681 1270 3730 Σ1

190 3742 327 3807 transfugit
345 3743 386 3811 Pl
400 3747 430 3798 tt
449 3760 507 3798 cum
524 3748 548 3798 P
562 3746 631 3814 quod
649 3746 689 3796 2⁸
701 3745 711 3815 l
723 3747 802 3799 millia
815 3747 857 3814 ΡΙ
872 3750 903 3801 19
921 3747 1036 3800 millial’
1067 3748 1199 3800 bominum
1213 3764 1267 3803 on.

188 3806 226 3858 Σ*
239 3807 294 3875 110
312 3823 342 3861 ea
360 3826 411 3863 om.
430 3812 468 3861 2⁴
