2734 4250
85 156 105 191 ι.
118 146 167 192 cur.
180 149 220 191 ato
463 128 556 183 uultu
575 128 662 195 xxvi,
680 132 722 183 lt.
740 132 773 183 ta
1114 129 1153 189 51

84 303 253 383 opulentam
283 301 346 365 suis
378 301 486 381 opibus
516 310 578 363 tum
608 301 738 363 bostium
767 302 848 363 omni
877 300 984 363 bellico
1013 311 1155 383 apparatu

84 388 200 467 plenam
220 387 326 448 -ibi
348 404 438 460 arma,
461 386 502 449 ibi
523 388 661 467 pecunia,
683 386 723 448 ibi
746 387 836 449 totius
856 386 1016 467 Hispaniae
1038 388 1155 449 obsides

85 482 167 534 erant
187 507 244 544 -,
271 471 357 534 sitam
385 481 540 553 praeterea
568 490 634 533 cum
658 481 828 551 opportune
851 471 886 533 ad
908 472 1101 535 traiciendum
1124 472 1192 535 int

83 558 209 619 Africam
237 566 300 619 tum
322 576 414 637 super
434 566 555 637 portum
576 557 646 619 satis
668 557 798 638 amplum
821 557 996 635 quantaeuis
1018 557 1102 619 classi
1125 566 1155 619 et

49 642 181 705 tnescio
209 660 247 703 an
277 642 423 703 nnumin
446 641 605 722 Hispaniae
633 660 702 716 ora,
731 660 788 723 qua
812 651 915 705 nostro
936 643 1050 705 adiacet
1071 642 1154 703 mari.

83 746 169 789 nemo
198 728 348 798 omnium,
381 744 441 806 quo
469 727 578 799 iretur,
608 726 721 789 sciebat
746 736 865 807 praeter
892 727 923 789 C.
947 728 1087 790 Laelium.
1131 727 1192 791 ist

83 812 172 875 classe
194 811 416 875 circummissus
442 812 482 873 ita
504 812 651 875 moderari
672 830 792 874 cursum
816 812 936 875 nauium
963 812 1059 875 iussus
1081 823 1153 887 erat,

82 908 114 959 ut
138 898 243 960 eodem
274 906 409 977 tempore
434 897 534 977 Scipio
562 897 600 959 ab
628 906 709 959 terra
736 897 897 960 exercitum
926 897 1097 959 ostenderet
1124 908 1154 959 et

81 983 180 1047 classis
206 991 325 1063 portum
348 982 481 1044 intraret
525 982 652 1062 septimo
679 982 727 1043 die
755 982 791 1043 ab
814 981 925 1044 Hibero
947 982 1152 1064 Carthaginem
1174 992 1191 1043 o

36 1077 62 1129 to
80 1078 202 1131 uentum
225 1078 272 1129 cst
291 1067 380 1130 simul
401 1076 479 1129 terra
497 1068 641 1147 marique.
679 1077 773 1129 castra
789 1067 824 1129 ab
841 1068 962 1147 regione
978 1066 1071 1143 urbis,
1094 1086 1152 1147 qua
1257 1062 1261 1071 '

81 1154 111 1215 iu
131 1152 375 1233 septemtrionem
397 1170 483 1214 uersa
505 1160 559 1226 est,
581 1152 693 1231 posita;
716 1152 762 1215 his
776 1152 812 1215 ab
828 1162 912 1233 tergo
927 1187 970 1197 -
986 1172 1052 1214 nam
1070 1154 1154 1215 lrons

82 1248 184 1301 natura
199 1247 262 1299 tuta
277 1246 342 1299 erat
365 1270 402 1282 —
426 1237 535 1317 duplex
553 1238 662 1299 uallum
678 1236 837 1300 obiectum.
881 1238 990 1299 etenim
1013 1238 1067 1299 sita
1084 1236 1153 1299 Car·
1175 1251 1191 1300 t

81 1324 165 1404 tbago
187 1324 232 1385 sic
253 1332 314 1384 est:
336 1322 422 1384 sinus
442 1331 488 1384 ast
508 1322 598 1384 maris
620 1322 716 1383 media
738 1323 800 1384 lere
823 1322 980 1403 Hispaniae
1003 1340 1069 1395 ora,
1090 1341 1153 1384 ma·

81 1408 154 1471 xime
167 1408 270 1469 dlrico
292 1415 385 1468 uento
400 1407 564 1488 oppositus,
586 1407 621 1468 ad
637 1406 697 1469 duo
712 1408 791 1469 milia
806 1415 836 1469 et
851 1407 1031 1487 quingentos
1049 1424 1153 1488 passus

35 1501 61 1553 15
79 1494 224 1555 introrsus
253 1500 415 1567 retractus,
444 1492 532 1572 paulo
561 1492 629 1572 plus
657 1491 736 1554 mille
765 1501 795 1554 et
821 1492 967 1555 ducentos
988 1510 1093 1573 passus
1120 1493 1151 1555 in

10 1589 11 1658 i
80 1577 263 1640 latitudinem
286 1587 401 1659 patens.
443 1577 534 1639 buius
555 1578 585 1638 in
609 1577 686 1639 ostio
709 1578 793 1640 sinus
813 1596 906 1657 parua
928 1577 1025 1639 insula
1040 1576 1192 1640 obiectat

79 1662 114 1724 ab
134 1664 196 1725 alto
218 1672 337 1743 portum
359 1660 397 1722 ab
420 1661 560 1724 omnibus
581 1663 679 1725 uentis
701 1671 906 1743 praeterquam
930 1662 1029 1725 dlrico
1056 1672 1153 1725 tutum

80 1747 154 1810 lacit.
200 1747 238 1809 ab
260 1747 364 1809 intimo
392 1747 460 1809 sinu
488 1747 679 1827 paeneinsula
708 1748 853 1821 excurrit,
880 1747 1011 1810 tumulus
1033 1749 1057 1810 is
1079 1749 1152 1829 ipse,

79 1834 108 1895 in
131 1852 191 1913 quo
223 1832 341 1894 condita
370 1830 443 1894 urbs
464 1839 527 1906 est,
554 1832 592 1893 ab
614 1842 683 1895 ortu
706 1833 777 1895 solis
804 1843 835 1895 et
861 1851 878 1894 a
907 1833 1029 1895 meridie
1054 1833 1152 1895 cincta

34 1920 163 1994 tomari3
193 1917 231 1978 ab
260 1935 367 1979 occasu
395 1926 532 1998 stagnum
561 1917 671 1979 claudit
698 1916 818 1997 paulum
847 1918 932 1979 etiam
962 1918 996 1979 ad
1023 1927 1152 1999 septem-

77 2004 205 2066 trionem
233 2003 348 2076 luaum,
381 2002 511 2064 incertae
538 2002 718 2074 altitudinis,
748 2012 909 2082 utcumque
932 2012 1082 2065 exaestuat
1102 2012 1154 2064 aut

77 2088 174 2151 dedcit
193 2105 288 2150 mare.
324 2087 492 2150 continenti
515 2086 619 2149 urbem
642 2087 745 2168 iugum
767 2090 913 2151 ducentos
935 2088 996 2150 lere
1018 2097 1049 2151 et
1063 2087 1152 2168 quin·
1174 2099 1189 2152 a

76 2175 216 2255 quaginta
237 2191 343 2253 passus
355 2181 461 2253 patens
474 2173 639 2254 coniungit.
675 2173 766 2248 unde,
789 2192 856 2236 cum
873 2182 932 2235 tam
948 2173 1032 2253 parui
1053 2175 1152 2253 operis

77 2261 200 2321 munitio
231 2268 325 2332 esset,
354 2278 417 2320 non
447 2257 557 2320 obiecit
583 2259 695 2321 uallum
721 2259 881 2338 imperator
902 2258 1072 2331 Romanus,
1100 2277 1152 2320 seu
1175 2269 1203 2321 tu

34 2345 211 2407 bliduciam
238 2343 316 2406 hosti
344 2342 472 2424 superbe
502 2351 671 2419 ostentans,
700 2344 765 2407 siue
788 2353 820 2405 ut
842 2342 982 2404 subeunti
1006 2361 1094 2422 saepe
1116 2344 1149 2404 ad

75 2431 190 2492 moenia
213 2427 299 2490 urbis
319 2446 458 2492 recursus
480 2438 604 2508 pateret.
645 2437 753 2504 cetera,
775 2445 851 2508 quae
873 2427 1034 2490 munienda
1055 2437 1150 2500 erant,
1165 2443 1202 2500 48

11 2544 12 2585 i
76 2531 141 2576 cum
162 2513 347 2595 perfecisset,
369 2532 462 2576 naues
483 2513 570 2575 etiam
593 2513 624 2575 in
648 2523 751 2594 portu,
774 2513 857 2575 uelut
878 2513 1051 2574 maritimam
1075 2531 1150 2592 quo·

76 2617 131 2677 que
152 2606 309 2662 ostentans
331 2598 526 2672 obsidionem,
548 2598 705 2674 instruxit3
727 2597 1005 2677 circumuectusque
1028 2597 1149 2660 classem

75 2702 142 2746 oum
168 2683 336 2746 monuisset
363 2685 529 2764 praefectos
553 2683 690 2756 nauium,
719 2692 753 2745 ut
778 2682 893 2763 uigilias
920 2692 1082 2745 nocturnas
1103 2683 1150 2744 in·

33 2773 57 2826 a
75 2769 146 2830 tenti
164 2777 332 2843 seruarent,
355 2769 455 2831 omnia
476 2768 586 2847 ubique
602 2769 700 2848 primo
722 2769 875 2832 obsessum
900 2768 1015 2830 hostem
1037 2769 1149 2840 conari,

76 2871 227 2933 regressus
256 2854 288 2916 iu
316 2863 426 2928 castra,
454 2863 489 2916 ut
515 2853 631 2916 consilii
658 2855 705 2916 sui
727 2855 887 2926 rationem,
918 2853 997 2932 quod
1019 2852 1056 2915 ab
1078 2853 1188 2915 urbet

12 2998 13 3005 ,
76 2939 261 3017 potissimum
283 2938 484 3018 oppugnanda
508 2937 618 3000 bellum
642 2957 728 3002 orsus
757 2948 848 3014 essm,
878 2938 1020 3000 militibus
1050 2947 1151 3001 osten·

77 3023 158 3086 deret
178 3032 210 3086 et
222 3041 307 3103 spem
323 3023 484 3104 potiundae
506 3023 690 3085 cohortando
707 3025 827 3098 laceret,
849 3024 990 3086 contione
1009 3024 1150 3086 aduocata

76 3107 114 3169 ita
133 3109 288 3172 disseruit:
307 3101 364 3171 ‘lld
387 3108 494 3170 urbem
516 3127 605 3170 unam
633 3109 865 3190 oppugnandam
886 3109 911 3170 si
938 3109 1004 3188 quis
1027 3109 1188 3172 uusado

34 3197 57 3249 a
76 3193 177 3257 ductos
190 3193 296 3267 credit,
319 3193 345 3255 is
359 3193 453 3273 magis
466 3194 566 3273 operis
581 3195 672 3257 uestri
694 3211 782 3274 quam
798 3193 991 3255 emolumenti
1006 3193 1151 3254 rationem

141 3329 202 3382 bet
219 3327 273 3394 2³,
291 3341 342 3379 cat.
360 3326 422 3377 2¹2
459 3328 490 3380 12
507 3325 602 3393 duplex
620 3326 717 3378 uallum
736 3326 796 3378 coll.
812 3325 1152 3392 regulasancta:

80 3393 382 3448 cameasenus
438 3396 590 3446 elumbem
608 3394 707 3446 nullum
725 3394 821 3448 uallum
839 3393 882 3444 Σ8
900 3393 999 3445 nullum
1016 3393 1080 3444 2¹t
1097 3393 1152 3444 ual-

78 3461 126 3514 lum
142 3463 289 3516 libam
324 3464 358 3515 14
375 3461 409 3514 nd
425 3461 477 3514 duo
494 3461 566 3513 milia
583 3478 619 3514 σε
637 3463 727 3532 Polyb.
748 3461 840 3527 10,10,
855 3463 867 3513 1
887 3461 1025 3528 Sigonius,
1043 3475 1093 3512 cnr.
1108 3461 1151 3512 2³

79 3533 103 3580 et
122 3536 153 3582 ut
171 3531 232 3584 uid.
254 3529 298 3582 2¹
335 3532 366 3584 lb
385 3530 462 3597 paulo
479 3529 522 3580 2⁸
544 3529 651 3596 paululo
669 3531 727 3582 2¹?
740 3529 750 3598 l
763 3529 833 3582 mille
858 3534 885 3580 et
911 3531 1036 3582 ducentos
1059 3543 1150 3595 passus

78 3602 169 3662 κῆρα·
192 3613 316 3668 passm
336 3597 380 3648 2⁸
396 3603 422 3648 at
439 3602 471 3648 ut
486 3597 542 3650 uid.
561 3597 603 3648 Σί
628 3598 699 3651 mille
723 3613 843 3665 passuum
862 3597 956 3650 Duker
972 3597 1044 3649 mille
1061 3605 1088 3650 et
1105 3597 1150 3649 dn·

79 3674 207 3722 csnmmm
225 3681 349 3735 passtmm
367 3665 427 3718 coll.
444 3666 535 3732 rotgo.
550 3665 665 3731 10,1o,1
684 3665 792 3720 Grdos'ea·
808 3679 859 3718 racc
877 3679 1000 3734 passuum
1021 3665 1151 3720 Weissen-

79 3735 144 3786 tom
167 3750 291 3803 passuum
315 3733 386 3787 mille
403 3739 431 3787 st
447 3733 571 3786 ducentos
589 3734 721 3802 Madva'gl
737 3737 768 3790 tt
787 3739 869 3788 tntum
888 3735 949 3786 2¹?
968 3739 996 3800 ς,
1018 3749 1067 3787 om.
1086 3733 1126 3784 2⁸
1142 3733 1152 3801 ΙΙ

84 3803 113 3855 18
130 3802 296 3871 paeneinsula
312 3804 358 3854 ost
374 3802 523 3869 paeninsula
541 3801 584 3852 Σ*

960 3884 999 3940 4*
