2734 4250
190 141 253 199 200
577 137 672 190 uussu
690 137 807 202 XXVIIII,
826 141 849 192 5.
867 141 884 192 6
1124 161 1144 194 ι
1159 162 1182 195 ι.
1196 161 1219 194 e.
1232 151 1272 194 titt

153 325 169 375 8
191 325 240 377 tus
261 312 424 374 habendos.
469 311 587 372 interim
607 310 693 389 llago
716 309 823 371 milites
846 309 944 372 Gallos
966 307 1095 372 dimissis
1117 308 1193 370 clam
1215 327 1272 388 per

192 413 279 477 agros
307 393 411 459 eorum
440 395 576 457 mercede
604 395 790 468 conducere;
819 403 1002 457 commeatus
1028 410 1148 473 quoque
1172 395 1270 456 omnis

153 503 171 553 o
192 483 312 564 generis
326 482 443 543 occulte
458 482 494 542 ad
509 499 579 542 eum
594 499 610 541 a
622 479 742 542 Gallicis
756 479 876 561 populls
889 479 1091 542 mittebantur.
1113 477 1272 541 illidius

192 567 355 630 exercitum
377 566 522 628 uolonum
543 585 580 626 ex
602 565 722 627 Etruria
744 566 774 628 iu
796 565 918 628 Galliam
942 565 1068 626 traducit
1088 563 1271 644 iunctusque

192 653 341 727 Lucretio,
365 653 390 714 si
412 672 444 714 se
459 650 544 731 Mago
567 670 604 712 cx
620 649 780 730 LIguribus
802 651 926 731 propius
941 651 1048 712 urbem
1062 661 1191 725 moueat,
1216 649 1307 710 ob·t

192 739 271 800 uiam
293 738 337 798 ire
358 747 453 817 parat,
475 737 501 798 si
520 735 640 798 Poenus
660 736 718 798 sub
739 735 850 815 angulo
865 735 984 815 Alpium
1002 735 1121 814 quietus
1142 753 1176 796 sc
1197 753 1273 796 con-

192 824 295 896 tineat,
318 833 349 883 et
368 823 433 902 ipse
455 822 486 882 ln
509 821 612 882 eadem
635 821 759 901 regione
780 821 860 884 circa
875 821 1042 882 Ariminum
1061 819 1161 882 ltaliae
1183 839 1272 901 prac-

193 908 269 969 sidio
292 909 420 969 iuturus.

149 999 169 1054 d
280 993 350 1055 Post
378 991 505 1060 reditum
532 1010 569 1052 ex
596 991 695 1052 Africa
724 990 754 1052 C.
782 990 862 1051 Laeli
891 999 920 1052 et
950 990 1091 1070 Scipione
1121 990 1273 1052 stimulato

194 1077 368 1140 Masinissae
397 1075 653 1138 adhortationibus
681 1086 713 1136 et
733 1074 891 1151 militibus,
922 1077 1061 1156 praedam
1084 1092 1120 1136 ex
1141 1075 1274 1138 bostium
1297 1088 1322 1137 1o

137 1167 144 1176 ‘
195 1175 273 1225 terra
295 1160 489 1225 cernentibus
509 1171 572 1222 tota
594 1161 687 1222 classe
710 1161 826 1235 elierri,
855 1161 988 1223 accensis
1015 1160 1052 1222 ad
1074 1161 1272 1222 traiciendum

194 1267 283 1328 quam
299 1248 439 1329 primum,
462 1246 627 1308 iuteruenit
642 1245 745 1307 maiori
761 1246 860 1307 minor
875 1247 1013 1326 cogitatIo
1029 1245 1142 1308 Locros
1166 1245 1274 1308 urbem

195 1332 373 1414 recipiendi,
395 1350 472 1412 quae
493 1329 549 1393 sub
571 1330 769 1392 deiectionem
791 1329 890 1392 ltaliae
911 1331 1077 1393 desciuerat
1098 1331 1215 1411 etipsa
1238 1331 1275 1392 ad

157 1428 172 1478 2
194 1419 320 1480 Poenos.
350 1436 419 1498 spes
433 1425 531 1478 autem
547 1415 737 1477 adfectandae
753 1416 816 1477 eius
831 1417 875 1477 rci
890 1435 926 1477 er
949 1415 1069 1478 minIma
1085 1433 1119 1476 re
1141 1417 1274 1478 adlulsit.

194 1503 357 1565 latrociniis
378 1502 472 1581 magis
493 1519 582 1580 quam
604 1500 682 1562 iusto
705 1501 784 1562 bello
807 1501 837 1562 in
861 1501 983 1563 Bruttiis
1011 1499 1196 1580 gerebantur
1218 1511 1321 1568 resta

196 1589 344 1669 principio
369 1586 406 1647 ab
435 1586 570 1648 Numidis
601 1586 679 1647 Iacto
708 1597 738 1648 et
766 1586 888 1648 Bruttiis
918 1605 978 1648 nou
1008 1585 1150 1648 socictate
1180 1587 1276 1664 magis

195 1673 307 1736 Punica
329 1689 418 1750 quam
445 1681 552 1751 suopte
579 1669 702 1749 ingenio
730 1671 967 1751 congruentibus
995 1671 1025 1732 in
1048 1687 1117 1731 eum
1143 1690 1276 1744 morem;

156 1768 173 1816 a
194 1768 345 1838 postremo
360 1755 487 1816 llornani
501 1774 623 1835 quoquc
639 1757 747 1818 milites
762 1755 941 1835 contagione
957 1755 1083 1835 quadam
1098 1767 1186 1836 rapto
1202 1775 1276 1836 gau·

196 1843 319 1914 dentes,
349 1850 492 1920 quantum
523 1859 578 1921 per
604 1842 696 1903 duces
724 1840 846 1916 licebat,
875 1841 1067 1903 excursiones
1089 1842 1119 1902 iu
1144 1842 1276 1904 bostium

157 1939 174 1987 4
194 1945 282 2007 agros
304 1929 411 1988 lacere.
455 1925 493 1987 ab
515 1925 551 1988 iis
572 1927 683 2003 egressi
705 1926 824 2004 quidam
847 1925 923 1988 urbe
952 1925 1118 1988 Locrenses
1146 1927 1277 1988 circum-
1298 1933 1322 1982 to

196 2012 280 2074 uenti
295 2010 481 2090 Regiumque
496 2009 636 2072 abstracti
652 2012 781 2073 Inerant.
825 2011 856 2072 in
878 2029 914 2073 eo
936 2011 1125 2092 captiuorum
1148 2031 1276 2073 numero

197 2096 273 2159 fabri
295 2096 415 2177 quidam
437 2097 536 2169 luere,
565 2095 679 2159 adsueti
703 2099 779 2159 lorte
801 2105 874 2177 aput
895 2097 1012 2159 Poenos
1034 2097 1171 2159 mercede
1200 2117 1278 2179 opus

158 2196 173 2245 5
197 2184 227 2246 in
251 2202 319 2245 arce
335 2183 498 2244 Locrorum
521 2183 628 2243 lacere.
667 2183 697 2243 bi
719 2182 831 2263 cogniti
853 2182 890 2243 ab
912 2182 1107 2245 Locrensium
1129 2184 1277 2265 prinpri·

195 2270 268 2344 bus,
298 2268 350 2349 qui
379 2267 456 2347 pulsi
478 2267 515 2328 ab
543 2267 669 2329 aduersa
697 2268 841 2341 factione,
871 2285 947 2346 quae
975 2266 1134 2329 Hannibali
1163 2268 1278 2331 Locros

159 2366 175 2415 o
199 2354 370 2427 tradiderat,
392 2353 517 2432 liegium
532 2370 565 2413 se
580 2353 779 2427 contulerant,
802 2370 870 2414 cum
885 2361 984 2414 cetera
999 2354 1279 2432 percunctantibus,
1300 2359 1325 2409 ὅ

197 2450 232 2501 ut
245 2458 311 2501 mos
325 2450 379 2510 est,
402 2438 453 2517 qui
469 2437 520 2499 diu
535 2446 653 2516 apsunt,
675 2456 753 2517 quac
774 2438 854 2499 domi
875 2447 1036 2517 agerentur
1057 2440 1279 2517 exposuissent,

196 2542 280 2604 spem
297 2525 442 2596 lecerunt,
463 2522 489 2584 si
504 2522 650 2602 redempti
664 2540 698 2583 ac
713 2522 828 2584 remissi
850 2522 958 2597 lorent,
980 2540 1080 2583 arcem
1102 2542 1135 2584 se
1157 2524 1194 2586 iis
1217 2536 1278 2586 tra·

196 2609 325 2671 dituros:
357 2608 398 2669 ibi
420 2628 453 2670 se
475 2607 622 2680 babitare,
651 2608 800 2687 fidemque
822 2606 878 2669 sibi
905 2625 1005 2668 rerum
1034 2608 1168 2670 omnium
1197 2610 1278 2672 inter

159 2707 174 2756 t
196 2693 455 2773 Carthaginienses
476 2712 551 2755 esse.
595 2694 710 2771 itaque,
740 2692 846 2772 utqui
873 2692 961 2755 simul
989 2692 1135 2754 desiderio
1164 2696 1277 2774 patriae

197 2789 390 2859 angerentur,
412 2778 501 2839 slmul
522 2777 682 2858 cupiditate
704 2777 841 2839 inimicos
856 2776 1017 2839 ulciscendi
1035 2778 1186 2852 arderent,
1208 2780 1278 2842 red-
1300 2784 1327 2834 ἃ)

159 2864 303 2943 θεωριίι
335 2863 483 2941 extemplo
516 2861 552 2925 iis
579 2862 784 2940 remissisque,
812 2880 880 2924 cum
910 2862 1045 2924 ordInem
1073 2866 1206 2942 agendae
1234 2867 1278 2927 rei

198 2947 438 3026 composuissent
458 2948 617 3027 signaque,
647 2964 724 3025 quae
745 2948 851 3027 procul
873 2945 949 3008 edita
978 2947 1192 3023 obseruarent,
1221 2951 1277 3030 ipsi

198 3033 234 3094 ad
250 3031 421 3112 Scipionem
438 3031 597 3113 Syracusas
611 3032 748 3111 proiecti,
771 3033 848 3111 apud
865 3050 955 3110 quem
970 3050 1039 3112 pars
1061 3034 1180 3094 exulum
1204 3046 1277 3109 erat,

268 3208 279 3254 l
302 3200 420 3253 babendo
437 3200 480 3265 ΡΙ
493 3202 509 3253 3
526 3198 627 3266 gaIIIcis
645 3198 686 3249 2⁰
703 3199 779 3265 gallie
790 3200 831 3265 Pl
845 3198 935 3265 populi
946 3200 971 3251 P
985 3199 1023 3265 14
1036 3200 1159 3253 bolonnm
1174 3200 1215 3269 ΡΙ
1229 3210 1278 3254 ιιι·

196 3271 268 3325 ducit
285 3272 310 3322 P
324 3269 425 3321 traiecit
442 3268 481 3318 ΣΡ
493 3267 531 3335 li
550 3268 654 3333 regione
672 3267 697 3317 P
710 3267 821 3319 statione
840 3267 897 3334 2¹ss
912 3270 928 3321 9
946 3272 973 3319 et
989 3268 1105 3334 scipione
1124 3267 1164 3319 2¹
1182 3276 1212 3320 ut
1229 3272 1279 3320 nci-

197 3340 282 3406 pionis
299 3338 343 3405 ΡΙ
357 3340 388 3391 12
405 3336 496 3388 maiori
508 3335 581 3387 ΡΨ
596 3336 678 3387 malor
688 3334 743 3402 P¹I
760 3338 790 3388 lb
802 3334 943 3387 latrociniis
956 3336 1050 3401 Pquie
1063 3335 1209 3390 latrocimis
1221 3338 1279 3407 ΣῚ

197 3408 334 3474 gerebatur
352 3404 418 3472 ΣἸ
438 3407 468 3459 ld
487 3404 519 3455 ab
537 3404 566 3467 P,
589 3419 640 3455 oue.
658 3404 696 3453 2.*ι
715 3404 725 3468 l
741 3402 809 3455 laeto
827 3408 854 3455 et
872 3403 974 3455 bruttiis
992 3404 1021 3464 Ρ,
1043 3418 1094 3456 ont.
1113 3406 1151 3454 Σ·
1164 3406 1176 3469 Ι
1189 3409 1221 3458 ll
1241 3407 1278 3457 in-

197 3490 283 3541 genno
301 3474 343 3538 P¹,
360 3488 431 3525 corr.
449 3470 484 3524 Ρ
501 3471 512 3539 Ι
529 3471 730 3537 congruentibus
748 3472 772 3522 Ρ
787 3471 911 3538 promptis
929 3472 967 3521 ΞΡ
979 3470 990 3538 Ι
1003 3473 1035 3524 18
1052 3471 1147 3523 militen
1168 3473 1211 3523 Ρ
1227 3474 1277 3526 iam

197 3542 330 3595 Pmilitee
348 3542 398 3592 iam
416 3542 456 3604 ςΙ
470 3542 503 3595 20
522 3540 585 3592 urbe
602 3538 643 3589 2⁸
660 3538 748 3591 urbem
767 3539 947 3607 Pilocreasee
968 3540 1011 3606 ΡΙ
1024 3540 1056 3592 22
1075 3539 1141 3592 lorte
1160 3542 1209 3603 2¹,
1226 3558 1277 3594 en.

198 3610 240 3674 Pl
254 3621 349 3673 poenas
367 3610 411 3672 ΡΙ
422 3610 455 3660 23
473 3608 600 3673 loglornm
617 3608 650 3658 P¹
668 3607 798 3673 logrorum
818 3607 850 3657 P‘
861 3610 871 3672 t
884 3608 987 3673 cognati
1005 3607 1115 3673 21124
1131 3609 1177 3676 qni
1196 3611 1221 3662 P
1234 3611 1276 3677 qui

198 3675 339 3726 exulabant
355 3676 419 3739 rein
437 3677 474 3726 Σι
486 3675 496 3741 Ι
509 3678 542 3728 ab
558 3675 657 3731 renium
674 3691 704 3726 se
721 3676 882 3727 contulerant
895 3676 923 3737 P,
941 3690 992 3729 orn.
1007 3676 1066 3743 2¹ss
1080 3678 1113 3729 26
1125 3678 1170 3744 qui
1184 3680 1276 3745 Pquia

198 3740 237 3790 2⁸
249 3740 260 3807 Ι
271 3743 302 3791 tt
322 3740 453 3793 laeserunt
471 3744 512 3807 ΡΙ
525 3744 557 3793 iio
574 3742 614 3792 2¹
630 3743 647 3794 ii
667 3744 710 3809 PI
723 3744 755 3796 29
773 3757 831 3795 esee
849 3758 899 3795 orn.
917 3742 979 3807 2⁰!
996 3742 1123 3796 desiderio
1140 3760 1228 3811 napae
1243 3747 1279 3797 ad

200 3811 233 3859 30
251 3805 326 3857 simul
345 3823 395 3856 cm.
414 3804 475 3873 ΣἾ
487 3812 520 3862 32
538 3824 604 3876 qnae
621 3811 667 3873 ΣΙ,
685 3827 736 3864 om.
754 3813 777 3861 P
