2734 4250
180 141 199 201 e
585 140 680 195 unsa
697 140 786 208 rxu,
804 144 828 195 s.
846 146 861 195 a
1111 148 1132 183 ι
1147 149 1169 183 ιι
1182 150 1202 186 a
1215 144 1261 187 us

182 333 413 397 oppressamque
427 333 533 395 magna
557 315 646 377 caede
668 314 812 391 bostium3
836 316 1010 395 elephantos
1032 314 1094 395 igni
1116 334 1133 377 e
1155 318 1262 379 castris

129 402 159 463 tt
181 409 307 463 exactos.
350 401 407 462 boc
429 400 565 462 ultimum
580 434 622 447 -
638 409 801 480 utcumque
823 400 930 463 initum
953 400 1129 482 finitumque
1151 410 1194 465 est
1212 436 1262 447 —

182 495 251 548 ante
273 485 454 547 deditionem
477 486 593 566 Capuae
614 486 760 567 proelium
784 486 848 547 fuit

268 571 365 632 bledla
386 570 510 645 tuticus,
538 573 589 651 qui
617 589 751 634 summus
780 571 967 650 magistratus
995 580 1067 651 aput
1092 572 1263 653 Campanos

182 668 242 731 est,
271 674 307 719 eo
336 674 416 718 anno
445 655 572 737 Seppius
603 656 726 719 Loesius
755 664 833 729 erat,
863 656 930 718 loco
957 674 1086 736 opscuro
1115 658 1263 739 tenuique
1288 670 1305 721 5

131 753 162 805 14
182 744 302 805 fortuna
325 750 416 804 ortus.
460 750 583 803 matrem
612 743 677 804 eius
702 741 851 822 quondam
874 759 930 821 pro
953 741 1066 822 pupillo
1089 760 1125 803 eo
1146 761 1262 824 procu-

182 838 297 889 rantem
313 826 454 889 familiare
470 835 628 901 ostentum,
646 846 715 889 cum
730 826 933 907 respondisset
946 827 1094 907 haruspex
1110 838 1263 890 summum

183 913 262 993 quod
289 919 366 974 esset
391 912 548 992 imperium
578 912 694 993 Capuae
723 923 937 993 peruenturum
961 912 996 973 ad
1024 930 1091 973 cunr
1120 932 1263 994 puerum,

130 1009 161 1061 to
182 998 257 1059 nibil
278 998 314 1059 ad
337 1014 401 1060 eam
421 1016 505 1077 spem
519 996 751 1077 adgnoscentem
767 998 874 1059 dixisse
890 998 992 1060 ferunt
1008 991 1060 1059 ‘ne
1081 1008 1114 1059 tu
1128 998 1265 1080 perditas

183 1101 231 1146 res
252 1082 470 1162 Campanorum
494 1100 609 1158 narras,
638 1082 689 1143 ubi
712 1100 845 1145 summus
866 1082 964 1145 honos
985 1082 1020 1144 ad
1043 1082 1136 1146 fllium
1158 1102 1265 1146 meum
1291 1095 1321 1148 tu

130 1178 159 1231 to
182 1165 357 1249 perueniat?
389 1186 423 1228 ea
438 1166 598 1229 ludificatio
613 1168 678 1230 ueri
693 1177 723 1229 et
738 1168 800 1248 ipsa
816 1169 846 1229 in
863 1186 968 1229 uerum
984 1168 1088 1229 uertit:
1105 1187 1172 1230 nam
1188 1186 1264 1231 cum

183 1256 259 1316 fame
276 1255 417 1332 ferroque
440 1262 619 1332 urgerentur
638 1271 695 1315 nec
717 1272 786 1333 spes
807 1253 864 1314 ulla
887 1264 1056 1334 superesset
1076 1253 1138 1315 sisti
1159 1272 1266 1335 posse,

183 1340 227 1413 iis,
251 1338 302 1419 qui
325 1338 387 1399 nati
409 1338 440 1399 in
463 1355 545 1417 spem
568 1335 718 1400 bonorum
740 1348 841 1411 crant,
863 1337 995 1400 honores
1016 1339 1265 1411 detrectantibus,

132 1434 160 1486 tr
184 1424 307 1487 Loesius
329 1422 483 1503 querendo
505 1423 651 1484 desertam
674 1442 709 1485 ac
731 1423 876 1503 proditam
899 1442 914 1485 a
932 1422 1114 1505 primoribus
1128 1424 1265 1505 Capuam

183 1526 332 1571 summum
354 1508 557 1588 magistratum
580 1509 702 1571 ultimus
724 1507 857 1570 omnium
881 1508 1097 1588 Campanorum
1121 1510 1208 1589 cepit.
1291 1522 1319 1573 to

144 1608 161 1663 a
268 1594 405 1656 Ceterum
421 1591 570 1654 Hannibal
585 1603 618 1654 ut
640 1612 696 1655 nec
717 1593 809 1657 bostis
832 1594 898 1655 elici
920 1594 1047 1673 amplius
1068 1593 1104 1674 ad
1128 1612 1265 1674 pugnam

147 1678 257 1743 tuidit
279 1697 378 1758 neque
399 1696 455 1759 per
475 1687 570 1741 castra
593 1697 698 1742 eorum
721 1678 873 1759 perrumpi
896 1678 932 1739 ad
947 1677 1076 1759 Capuam
1098 1698 1196 1760 posse,
1222 1700 1268 1742 ne

183 1782 254 1825 suos
270 1781 389 1843 quoque
403 1771 585 1825 commeatus
599 1764 835 1826 intercluderent
849 1764 920 1825 noui
935 1764 1083 1839 consules,
1099 1764 1267 1827 abscedere
1365 1824 1366 1849 ,

146 1861 162 1911 a
183 1848 274 1910 inrito
296 1848 417 1928 incepto
439 1856 470 1909 et
486 1867 608 1911 mouere
624 1868 639 1910 a
656 1849 755 1930 Capua
770 1850 873 1911 statuit
894 1857 997 1911 castra.
1033 1850 1125 1910 multa
1146 1868 1265 1925 secum,
1365 1850 1366 1913 l

185 1950 314 2013 quonam
338 1933 406 1995 inde
435 1934 479 1995 ire
507 1944 661 2014 pergeret,
690 1934 825 1998 uoluenti
855 1933 945 1997 subiit
971 1934 1103 1995 animum
1131 1934 1267 2014 impetus
1291 1946 1320 1997 ω

184 2026 273 2098 caput
295 2019 391 2099 ipsum
413 2016 482 2079 belli
504 2018 629 2081 Romam
650 2021 788 2101 petendi,
819 2020 903 2082 cuius
931 2018 974 2081 rei
1003 2038 1120 2100 semper
1141 2020 1266 2099 cupitae

184 2104 417 2186 praetermissam
434 2104 620 2168 occasionem
636 2116 705 2186 post
716 2104 904 2168 &anensem
919 2123 1051 2186 pugnam
1066 2113 1096 2167 et
1108 2104 1156 2167 alii
1167 2104 1266 2188 uulgo

144 2202 160 2251 t
183 2189 351 2252 fremebant
378 2200 409 2252 et
436 2191 499 2270 ipse
528 2209 591 2252 non
620 2190 837 2253 dissimulabat:
873 2191 1052 2271 necopinato
1085 2209 1197 2271 pauore
1227 2210 1267 2254 ac

183 2276 314 2338 tumultu
335 2293 397 2337 non
420 2294 485 2337 esse
500 2275 717 2356 desperandum
736 2277 864 2356 aliquam
879 2285 993 2356 partem
1016 2275 1098 2338 urbis
1120 2279 1266 2356 occupari

147 2377 162 2426 o
184 2378 288 2441 possc;
311 2370 350 2435 et,
374 2361 398 2422 si
413 2359 507 2422 Roma
525 2360 556 2421 in
573 2361 744 2423 discrimine
761 2371 847 2434 esset,
862 2361 990 2442 Capuam
1007 2361 1154 2440 extemplo
1169 2362 1267 2424 omis·
1291 2373 1320 2424 eo

183 2464 270 2508 suros
291 2455 343 2508 aut
365 2445 452 2507 ambo
474 2446 668 2526 imperatores
691 2446 841 2509 Romanos
855 2457 914 2518 ,aut
935 2445 1059 2509 alterurn
1083 2463 1118 2506 ex
1141 2445 1189 2520 iis,
1220 2457 1265 2519 et,

183 2532 208 2594 si
230 2532 402 2594 diuisissent
416 2531 526 2611 copias,
547 2541 709 2611 utrumque
730 2531 924 2594 infirmiorem
948 2533 1057 2592 lactum
1073 2539 1123 2592 aut
1138 2529 1193 2593 sibi
1208 2543 1267 2594 aut

147 2631 163 2680 o
184 2616 342 2698 Campanis
364 2615 442 2677 bene
464 2617 612 2696 gerendae
635 2617 679 2678 rei
704 2617 853 2680 fortunam
879 2618 1001 2678 daturos
1023 2634 1098 2678 essa.
1142 2633 1200 2678 una
1225 2637 1262 2680 ea

184 2719 256 2763 cura
278 2699 413 2781 angebat,
437 2719 485 2774 ne,
507 2699 559 2762 ubi
581 2701 779 2776 abscessisset,
802 2701 949 2782 extemplo
971 2701 1151 2763 dederentur
1173 2701 1263 2764 Cam·
1363 2731 1364 2758 r

184 2787 264 2867 pani.
299 2786 452 2847 Numidam
468 2796 640 2866 promptum
656 2789 691 2848 ad
710 2787 811 2849 omnia
828 2787 940 2867 agenda
963 2787 1157 2866 audendaque
1173 2787 1265 2851 donis
1287 2799 1318 2849 tu
1363 2761 1364 2833 l

184 2871 318 2950 perlicit,
347 2879 381 2931 ut
403 2870 507 2932 litteris
528 2871 657 2952 acceptis
684 2873 784 2954 specie
807 2872 978 2952 transfugae
1007 2878 1103 2934 castra
1126 2871 1263 2934 Romana

146 2956 335 3035 tingressus
357 2956 447 3018 altera
468 2965 553 3036 parte
580 2957 654 3018 elam
677 2958 805 3038 Capuam
829 2957 981 3039 peruadat.
1024 2957 1138 3018 litterae
1159 2967 1262 3020 autem

184 3049 271 3102 erant
292 3040 496 3103 adhortatione
519 3041 640 3121 plenae:
666 3043 882 3123 profectionem
905 3060 1003 3116 suam,
1026 3060 1102 3122 quae
1123 3042 1263 3106 salutaris
1362 3053 1363 3120 l

185 3126 242 3188 illia
256 3127 343 3199 foret,
361 3134 574 3205 apstracturam
589 3127 625 3188 ad
640 3129 854 3192 defendendam
869 3127 993 3190 Romam
1009 3125 1045 3188 ab
1060 3129 1263 3208 oppugnanda

254 3280 266 3331 l
286 3276 349 3330 cede
366 3275 407 3344 ΡΙ
422 3279 437 3330 2
455 3277 593 3345 utcumque
614 3275 770 3346 Plinitinm
788 3278 860 3346 1²14
877 3278 962 3330 medix
988 3277 1129 3341 Columna,
1153 3276 1263 3345 bipee'sss

183 3346 266 3399 media
291 3345 368 3413 Pto
392 3344 545 3412 locopscaro
569 3361 604 3397 ec·
625 3345 779 3414 locnpscuro
804 3347 836 3400 1²¹
849 3346 886 3414 19
910 3345 1109 3400 adonoscentem
1126 3347 1151 3397 P
1164 3345 1175 3413 Ι
1188 3361 1220 3400 ne
1240 3353 1262 3411 ς

185 3429 220 3465 no
237 3412 280 3480 ΡΙ
293 3414 325 3466 12
350 3427 428 3481 posse
452 3409 617 3480 Alschefski,
642 3429 693 3466 ons.
712 3414 753 3482 Pl
769 3417 801 3469 ta
819 3415 850 3466 iis
873 3415 917 3481 qni
942 3414 993 3466 natl
1014 3415 1053 3465 ed.
1074 3413 1163 3466 Calon
1184 3413 1261 3481 1525,

183 3497 233 3534 ons.
252 3483 294 3547 ΡΙ
308 3485 340 3534 15
365 3487 486 3546 comperti
508 3481 551 3549 ΡΙΙ
566 3483 597 3535 18
621 3481 778 3534 abscondere
797 3482 838 3548 ΡΙ
851 3483 883 3534 20
902 3497 1012 3550 quonam
1034 3487 1053 3547 ς
1077 3497 1128 3548 quo
1147 3481 1199 3533 iana
1217 3483 1261 3544 P„
1361 3479 1362 3506 r

184 3550 216 3602 2⁶
240 3554 268 3600 et
290 3554 310 3612 ς
326 3549 351 3600 ei
375 3548 418 3617 Pl
430 3550 571 3602 omissuros
588 3549 631 3618 ΡΙ
644 3551 677 3604 29
695 3550 850 3604 abscesisset
868 3551 909 3618 Pl
923 3551 955 3604 30
973 3549 1072 3616 agenda
1090 3547 1261 3618 audendaqne

184 3615 233 3679 (cf.
251 3615 379 3680 Zingerle
397 3620 463 3668 Sits.
481 3618 507 3668 d.
529 3617 615 3671 naen
633 3618 721 3672 Alcad.
742 3619 798 3681 101,
814 3619 876 3684 55⁷)
895 3617 940 3670 nel
957 3617 1071 3671 adeunda
1090 3616 1261 3686 audendaqae

183 3681 337 3744 Alschefski
365 3684 534 3753 addendoque
556 3686 580 3737 P
600 3685 715 3739 audenda
743 3689 763 3752 ς
786 3685 901 3739 audenda
924 3686 1021 3750 agenda
1040 3701 1073 3738 ne
1097 3685 1262 3753 Wesenberg

184 3750 502 3872 ppbetundspandendaqne
523 3753 731 3824 Weissenborn!
745 3757 774 3808 31
793 3755 896 3823 speciae
908 3754 950 3821 ΡΙΙ
964 3755 996 3807 33
1008 3703 1083 3821 plene
1096 3753 1139 3821 ΡΙ
1152 3755 1185 3808 34
1201 3769 1260 3822 spe·
1360 3751 1361 3768 ¹

209 3834 240 3872 ac
254 3833 297 3871 ora
