2734 4250
124 182 145 215 a·
159 165 211 209 sstr.
225 166 263 211 att
503 149 597 205 LIBER
613 150 694 217 XXX,
709 153 752 207 22
769 154 802 206 23
1133 150 1195 211 267

123 342 182 405 que
198 333 425 404 transgressum,
442 342 498 385 nee
510 324 651 386 Romanis
665 324 761 387 solum
772 326 824 386 sed
840 334 909 387 ante
923 326 1010 387 etiam
1023 325 1195 405 Saguntinis

122 409 241 491 priuato
263 410 388 471 oonsilio
411 407 521 471 bellum
544 409 694 484 intulisse;
715 410 832 471 senatui
855 428 888 472 ae
911 410 1023 491 populo
1045 410 1195 489 Carthagi-
1218 419 1233 468 a

124 495 233 568 niensi,
254 494 279 557 si
303 495 369 574 quis
392 512 463 556 uere
485 495 628 566 aestimet,
651 495 756 556 foedus
776 494 814 557 ad
835 514 899 557 earn
922 496 999 558 diem
1021 495 1195 558 inuiolatum

124 598 188 643 esse
211 596 278 641 cum
294 580 444 642 Romanis.
487 580 586 660 itaque
601 580 676 642 nibil
696 580 775 642 alind
797 579 854 642 sibi
875 581 1047 643 mandatum
1068 600 1132 643 esse
1153 582 1234 643 utit

83 676 101 727 3
123 674 271 746 peterent,
293 682 381 746 quam
397 674 431 725 ut
451 665 483 727 in
506 682 539 725 ea
560 682 643 745 pace,
666 682 742 744 quae
763 674 914 744 postremo
935 683 1003 728 cum
1026 665 1057 727 C.
1080 666 1196 728 Lutatio

122 753 199 813 iacta
214 760 300 825 esset,
321 768 444 812 manere
458 749 570 811 liceret.
600 768 668 811 cum
683 768 767 811 more
781 751 889 812 tradito
904 752 942 829 [a]
956 750 1090 832 patribus
1112 761 1198 831 pote·
1218 762 1233 812 3

121 844 230 898 statem
244 835 457 916 interrogandi,
479 835 504 897 si
520 835 671 914 quiequid
686 836 786 907 uellet,
808 836 920 917 legatos
935 846 1055 916 praetor
1068 836 1195 911 lecisset,

121 921 324 1001 senioresque,
347 921 398 999 qui
413 919 582 982 foederibus
596 920 803 993 interfuerant,
824 921 874 982 alii
894 922 949 983 alia
964 922 1196 1003 interrogarent,

122 1026 180 1069 neo
201 1006 371 1068 meminisse
392 1024 424 1067 se
446 1022 502 1085 per
522 1014 647 1068 aetatem
669 1006 845 1067 -etenim
866 1024 972 1068 omnes
993 1008 1085 1069 ferme
1111 1008 1196 1068 iuue-

69 1099 99 1153 ro
121 1110 178 1154 nes
193 1101 334 1153 erant-
349 1088 485 1153 dicerent
498 1090 595 1171 legati,
618 1090 834 1153 conclamatum
849 1110 886 1154 ex
900 1092 983 1155 omni
997 1102 1082 1172 parte
1097 1093 1196 1154 curiae
1217 1101 1234 1152 c

121 1186 166 1240 est
180 1176 293 1239 Punica
314 1175 417 1239 fraude
432 1175 551 1249 eleetos,
567 1176 618 1255 qui
633 1184 765 1237 ueterem
780 1193 883 1256 pacem
905 1186 1084 1257 repeterent,
1110 1177 1195 1239 cuius

122 1262 179 1345 ipsi
201 1280 262 1324 non
285 1260 499 1323 meminissent

206 1346 319 1408 Emotis
341 1345 447 1408 deinde
462 1346 544 1407 curia
559 1344 661 1424 legatis
675 1346 840 1407 sententiae
861 1345 1038 1427 interrogari
1061 1354 1193 1425 coeptae.
1209 1348 1247 1408 23

121 1432 160 1493 11.
183 1430 285 1495 Liuius
307 1430 338 1492 C.
361 1430 521 1493 Seruilium
536 1429 700 1502 consulem,
717 1430 768 1509 qui
782 1431 906 1511 propior
931 1438 1019 1503 esset,
1040 1447 1194 1493 arcessan-

70 1525 100 1577 13
121 1517 208 1591 dum,
237 1526 269 1579 ut
290 1533 388 1577 coram
412 1533 448 1577 eo
469 1516 506 1577 de
535 1534 609 1596 pace
631 1525 785 1595 ageretur,
814 1516 969 1578 censebat:
998 1533 1067 1577 eum
1095 1516 1133 1577 de
1162 1524 1233 1577 ret

120 1603 527 1749 titillantia*
544 1600 1194 1749 mttlllblltlihllttst

121 1772 170 1851 agi
191 1772 259 1833 satis
280 1790 315 1832 ex
343 1770 485 1850 dignitate
515 1770 617 1851 populi
641 1769 768 1833 bomani
795 1788 877 1843 esse;
905 1771 941 1844 0.
964 1772 1114 1847 Metellus,
1144 1773 1232 1852 quia

121 1856 251 1918 triennio
272 1864 341 1919 ante
370 1856 476 1917 consul
502 1856 685 1935 dictatorque
713 1856 824 1919 luerat:
853 1875 921 1920 cum
944 1857 977 1919 P.
999 1858 1099 1939 Scipio
1127 1876 1195 1919 cae·

67 1950 100 2002 tt)
121 1942 219 2003 dendo
240 1941 404 2014 exereitus,
426 1958 514 2022 agros
536 1940 707 2022 populando
729 1941 761 2002 in
784 1960 848 2003 eam
871 1944 1077 2005 necessitatem
1103 1944 1196 2006 bostis

120 2026 326 2107 compulisset,
355 2034 390 2087 ut
409 2026 558 2107 supplices
580 2044 682 2107 paoem
705 2035 858 2105 peterent,
886 2035 917 2088 et
945 2045 1033 2090 nemo
1062 2030 1195 2091 omnium
1216 2034 1231 2085 l

121 2112 222 2176 uerius
244 2111 421 2175 existumare
443 2120 556 2191 posset,
580 2130 639 2192 qua
661 2121 761 2174 mente
783 2130 817 2173 ea
839 2121 1085 2193 perpeteretur,
1107 2131 1195 2193 quam

120 2198 173 2278 qui
202 2206 270 2260 ante
299 2207 399 2279 portas
422 2197 606 2277 Carthaginis
636 2196 745 2258 bellum
775 2206 908 2276 gereret,
937 2197 1047 2259 nullius
1076 2197 1196 2261 alterius

120 2283 245 2346 consilio
261 2300 347 2363 quam
364 2282 512 2363 Scipionis
534 2281 736 2362 accipiendam
750 2281 980 2343 abnuendamue
994 2299 1096 2361 pacem
1119 2302 1194 2345 esse.

67 2377 98 2430 tt
118 2369 159 2430 ll.
182 2368 313 2430 Valerius
335 2367 494 2440 Laeuinus,
517 2368 567 2446 qui
583 2367 629 2430 bis
644 2366 750 2428 consul
770 2367 875 2440 iuerat,
898 2366 1108 2447 speculatores,
1131 2386 1194 2430 non
1218 2374 1233 2424 3

120 2453 232 2533 legatos
250 2453 367 2515 uenisse
382 2452 525 2530 arguebat
546 2451 753 2531 iubendosque
766 2451 848 2513 ltalia
870 2453 1022 2524 excedere,
1044 2459 1074 2512 et
1096 2463 1196 2515 custo·

120 2540 172 2602 des
186 2555 254 2600 eum
270 2538 305 2599 iis
320 2555 414 2616 usque
436 2537 471 2599 ad
494 2555 585 2599 naues
607 2536 766 2600 mittendos
781 2537 975 2617 Scipionique
994 2535 1195 2613 scribendum,

121 2621 290 2686 nobellum
312 2622 484 2684 remitteret.
528 2622 644 2684 laelius
666 2621 848 2702 Fuluiusque
870 2622 1057 2695 adiecerunt,
1079 2633 1110 2684 et
1131 2624 1233 2685 Sci-e

62 2723 67 2732 ·
120 2708 242 2790 pionem
270 2709 301 2769 in
324 2726 360 2770 eo
385 2708 509 2788 positam
539 2707 676 2770 babuisse
702 2725 785 2787 spem
815 2707 910 2788 pacis,
938 2707 964 2769 si
991 2706 1141 2770 Hannibal
1166 2718 1197 2771 et

64 2802 98 2854 ao
120 2793 206 2873 llago
235 2811 271 2854 ex
299 2791 380 2854 ltalia
411 2811 473 2854 non
496 2802 727 2865 renouarentnr3
755 2803 888 2856 ceterum
916 2794 1016 2855 omnia
1042 2794 1232 2856 simulato-t

67 2877 69 2883 ⁴
121 2897 172 2940 ros
186 2877 445 2957 Carthaginienses
466 2878 557 2940 ‹lnees
573 2897 624 2940 eos
639 2879 846 2958 exercitusque
868 2879 1068 2958 expectantis3
1090 2880 1196 2942 deinde

122 2963 258 3044 quamuis
272 2963 438 3025 recentium
452 2961 606 3026 foederum
621 2973 651 3025 et
665 2964 789 3026 deorum
805 2965 938 3026 omnium
954 2964 1062 3029 oblitos
1087 2965 1196 3028 bellum

121 3057 267 3129 gesturos.
311 3065 347 3108 eo
370 3047 462 3126 magis
483 3048 513 3109 in
538 3047 660 3110 Laeuini
688 3049 864 3110 sententiam
894 3049 1066 3113 discessum.
1110 3053 1235 3131 legatis

122 3151 195 3214 pace
218 3133 325 3194 inlecta
347 3150 381 3194 ac
403 3150 498 3213 prope
519 3133 584 3195 sine
606 3151 752 3213 responso
773 3133 894 3195 dimissi.

190 3285 206 3336 2
224 3289 314 3336 senato
334 3282 371 3334 Σ·
383 3283 393 3350 ΙΙ
406 3282 603 3349 carthaginiensi
621 3298 656 3333 eae
674 3281 845 3348 eartbagiensi
857 3282 889 3334 Ρ·
902 3283 913 3348 Ι
924 3284 939 3334 3
952 3296 1012 3335 uere
1028 3283 1052 3334 P
1065 3297 1127 3334 uera
1139 3285 1176 3333 Σ·
1187 3287 1198 3352 Ι

121 3351 194 3405 luti
212 3352 278 3403 Put
295 3351 334 3402 Σ·
351 3350 362 3417 Ι
382 3353 397 3404 6
415 3366 430 3402 a
448 3351 515 3417 ΡΣ·,
532 3351 582 3404 del.
599 3350 770 3401 Freinabeim
782 3349 820 3417 13
838 3350 882 3401 alii
900 3348 949 3402 alia
967 3351 1004 3400 Σ·
1022 3349 1072 3401 alia
1090 3349 1135 3401 alii
1153 3351 1198 3417 Ρ1

121 3422 186 3473 lise
204 3418 250 3482 Σ·,
268 3435 318 3470 om.
336 3418 386 3486 ΡΙ
409 3422 440 3473 13
458 3419 559 3472 emissis
576 3419 613 3469 Σ·
632 3417 689 3486 114
706 3419 823 3484 proprior
840 3418 882 3482 Ρ,
900 3417 948 3469 red
964 3434 1018 3471 raa.
1035 3417 1140 3484 propior
1156 3435 1197 3469 re·

119 3486 271 3553 stilutasml
291 3490 323 3540 lb
341 3487 452 3540 maiorne
470 3486 517 3555 ΡΙΙ
536 3501 565 3538 ea
583 3502 634 3538 aare.
651 3486 690 3538 Σ·
703 3485 713 3553 Ι
727 3489 756 3538 11
776 3483 944 3553 ambobusue]
963 3486 996 3536 Ρ·
1013 3501 1046 3538 ne
1064 3502 1080 3536 a
1097 3486 1132 3539 Ρ·
1148 3504 1196 3537 sae·

118 3559 251 3623 punctum
258 3559 352 3621 postea
364 3571 417 3608 raa.
430 3559 583 3606 restinctum
595 3555 605 3622 11
620 3557 651 3610 13
664 3552 765 3622 consul]
780 3569 825 3606 cos
836 3570 890 3608 ras.
902 3570 938 3605 ec
950 3568 995 3607 eos
1007 3555 1049 3621 ΡΙ
1061 3553 1196 3622 dictatorq.

124 3622 193 3676 Ρ·Σ·
210 3623 320 3676 dictator
337 3621 371 3676 Ρ·
383 3622 393 3690 l
405 3622 519 3676 cedendo
537 3623 579 3689 ΡΙΙ
592 3625 625 3676 tl
643 3623 729 3675 uerius
743 3623 766 3673 Ρ
779 3623 961 3675 aerumnosius
974 3621 1013 3673 Σ·
1024 3623 1035 3690 Ι
1048 3624 1131 3690 possit
1141 3622 1199 3691 ΣΙ

123 3693 155 3745 23
174 3692 218 3760 qni
236 3691 332 3744 Alschs
348 3690 390 3742 aba·
407 3705 464 3744 eum
484 3691 526 3792 qui
545 3692 603 3742 ΡΣ·
622 3693 631 3757 ΙΙ
650 3693 683 3745 21
701 3690 912 3758 abnuendamque
930 3690 968 3741 Σ·
982 3693 1037 3754 123
1054 3690 1125 3744 italia
1142 3709 1197 3744 raa.

121 3777 156 3812 ee
173 3759 271 3813 initalia
290 3761 312 3812 P
344 3761 376 3812 30
395 3775 445 3813 non
463 3761 511 3824 Σ,
529 3773 581 3810 om.
598 3761 643 3821 Pl
663 3765 775 3811 ceterum
794 3758 841 3822 Σ,
858 3774 908 3810 our.
927 3758 967 3826 ΡΙ
982 3762 1013 3814 31
1032 3765 1198 3827 expectantes

124 3829 161 3880 Σ·
179 3827 323 3895 spectantis
340 3827 383 3894 ΡΙ
396 3830 428 3882 33
445 3832 564 3894 gesturus
582 3825 625 3895 ΡΙ
637 3829 670 3880 at
687 3827 801 3894 respilsn
819 3828 861 3892 1¹,
877 3843 947 3881 corr.
965 3828 997 3878 Ρ·
