2734 4250
166 131 184 188 6
582 127 675 180 LlBER
693 129 758 192 XXI,
771 132 822 182 (5.7
1107 157 1161 189 a.u.
1172 145 1241 189 obst

126 315 141 363 a
162 303 246 384 gnari
269 303 386 362 allatum
410 311 463 362 est.
500 310 574 362 tunc
591 301 681 362 relata
704 303 740 362 de
763 302 880 382 integro
903 320 951 362 res
974 301 1009 362 ad
1032 309 1189 374 senatum
1211 311 1241 362 et

163 388 210 448 alii
233 388 403 467 prouincias
418 385 590 448 consulibus
605 387 777 466 Hispaniam
792 396 880 466 atque
896 387 1025 448 Africam
1042 387 1239 447 decernentes

162 483 241 533 terra
263 473 396 552 marique
418 489 481 532 rem
503 473 662 550 gerendam
686 472 863 544 censebant,
887 472 936 532 alii
958 481 1053 533 totum
1076 472 1106 532 in
1131 471 1239 550 Hispa·

124 569 139 616 't
161 559 241 619 niam
252 557 506 636 Hannibalemque
522 557 718 617 intendebant
731 556 857 631 bellum3
873 565 967 628 erant,
983 558 1034 635 qui
1050 575 1113 617 non
1125 567 1239 618 temere

161 643 337 703 mouendam
353 661 416 704 rem
432 652 543 702 tantam
559 642 817 721 expectandosque
833 661 869 702 ex
883 642 1024 721 Hispania
1038 641 1151 718 legatos
1166 659 1240 702 cen·
1266 656 1284 703 5

123 736 137 786 8
159 737 269 789 serent.
303 727 375 788 haee
397 727 554 798 sententia,
577 745 652 806 quae
674 727 819 788 tutissima
834 727 1001 797 uidebatur,
1024 727 1107 799 uicit,
1130 725 1237 802 legati·

160 831 218 892 que
241 833 277 874 eo
299 813 442 873 maturius
464 813 545 872 missi
567 813 598 871 Ρ.
614 811 748 872 Valerius
763 811 887 873 Flaccus
908 820 939 873 et
953 812 989 883 Q.
1005 811 1132 872 Baebius
1146 811 1238 872 Tam·

159 899 257 976 philus
279 898 444 976 Saguntum
467 898 501 957 ad
524 896 720 957 ilannibalem
748 904 837 975 atque
866 898 936 957 inde
958 896 1183 976 Carthaginem,
1212 897 1236 958 si

160 1002 221 1044 non
244 983 436 1044 absisteretur
464 979 558 1052 bello,
587 982 623 1042 ad
650 975 763 1041 ducem'
782 983 881 1061 ipsum
901 983 932 1042 in
955 999 1084 1061 poenam
1107 982 1237 1042 foederis

159 1068 238 1148 rupti
261 1068 492 1147 deposcendum.
1265 1079 1295 1129 10

124 1157 139 1209 l
243 1153 319 1215 llum
348 1171 381 1213 ea
409 1152 535 1213 Romani
565 1160 671 1231 parant
704 1150 949 1230 consultantque,
982 1151 1039 1211 iam
1069 1150 1239 1229 Saguntum

120 1246 269 1298 asumma
291 1237 323 1298 ui
345 1237 581 1318 oppugnabatur.
619 1236 722 1298 ciuitas
744 1255 777 1296 ea
800 1235 889 1315 longe
911 1235 1135 1316 opulentissima
1156 1235 1238 1296 ultra

157 1321 299 1385 Hiberum
322 1323 394 1393 luit,
417 1324 470 1384 sita
493 1341 596 1403 passus
618 1321 811 1382 milleforme
833 1339 850 1381 a
872 1322 953 1382 mari.
999 1320 1118 1382 oriundi
1140 1339 1157 1381 a
1180 1321 1239 1381 Za·

155 1409 266 1487 cyatho
281 1408 378 1470 insula
393 1408 542 1482 dicuntur,
557 1408 699 1485 mixtique
714 1407 802 1468 etiam
817 1407 854 1466 ab
866 1406 961 1467 Ardea
972 1405 1152 1467 Rutulorum
1167 1407 1237 1484 qui-

118 1502 133 1550 3
156 1493 222 1554 dam
240 1494 373 1573 generis;
397 1503 529 1553 ceterum
552 1493 581 1554 in
604 1501 702 1552 tantas
718 1491 802 1552 breui
817 1497 976 1552 creuerant
990 1509 1062 1571 opes
1076 1509 1130 1552 seu
1143 1491 1237 1551 mari-
1264 1503 1295 1553 15

154 1578 234 1638 timis
248 1597 300 1640 seu
315 1576 507 1638 terrestribus
522 1577 668 1637 fructibus
689 1595 742 1636 seu
763 1576 960 1637 multitudinis
977 1577 1164 1636 incremento
1178 1594 1235 1637 sen

153 1663 326 1741 disciplinae
348 1662 513 1732 sanctitate,
536 1679 594 1740 qua
616 1659 705 1720 fldem
726 1661 865 1721 socialem
886 1679 982 1739 usque
1009 1660 1046 1720 ad
1067 1659 1234 1740 perniciem

114 1757 130 1806 4
151 1764 236 1808 suam
251 1747 419 1807 coluerunt.
457 1744 606 1806 llannibal
628 1745 736 1806 inlesto
759 1747 891 1808 exercitu
910 1747 1063 1824 ingressus
1077 1746 1146 1806 linis
1160 1763 1235 1825 per·

114 1841 130 1890 5
151 1830 273 1892 uastatis
294 1831 403 1911 passim
418 1831 496 1909 agris
510 1829 616 1891 urbem
630 1831 780 1909 tripertito
796 1831 975 1910 adgreditur.
1012 1830 1139 1908 angulus
1153 1831 1234 1892 muri

151 1916 267 1976 eratin
291 1914 455 1995 planiorem
482 1916 741 1995 patentioremque
770 1933 858 1994 quam
888 1924 986 1976 cetera
1016 1916 1095 1976 circa
1123 1915 1235 1976 uallem
1261 1927 1293 1978 2]

151 2018 289 2079 uergens.
332 2001 474 2062 aduersus
496 2018 565 2061 eum
586 2001 692 2062 uineas
712 2019 801 2079 agere
822 2001 960 2070 instituit,
982 2019 1038 2080 per
1059 2019 1132 2079 quas
1153 2001 1234 2063 aries

113 2103 129 2154 s
150 2086 307 2147 moenibus
321 2085 473 2147 admoueri
488 2093 597 2167 posset.
624 2085 676 2147 sed
691 2095 725 2148 ut
738 2086 821 2147 locus
835 2085 941 2166 procul
956 2104 1043 2147 muro
1058 2086 1127 2148 satis
1140 2103 1233 2149 aecus

149 2172 271 2249 agendis
292 2171 389 2232 uineis
411 2172 481 2245 luit,
511 2172 550 2232 ita
571 2171 798 2251 haudquaquam
826 2189 986 2252 prospere,
1012 2182 1169 2251 postquam
1193 2173 1231 2233 ad

112 2264 127 2315 't
149 2256 287 2317 ellectum
303 2258 401 2336 operis
416 2265 540 2319 uentum
557 2268 611 2331 est,
627 2257 741 2337 coeptis
754 2256 940 2318 succedebat.
970 2266 1002 2318 et
1014 2257 1106 2317 turris
1121 2257 1231 2335 ingens

148 2341 332 2416 imminebat,
347 2352 378 2403 et
392 2361 505 2417 murus,
528 2351 562 2403 ut
580 2343 611 2403 in
626 2351 766 2422 suspecto
780 2342 857 2412 loco,
872 2360 961 2421 supra
976 2350 1093 2403 ceterae
1108 2343 1232 2402 modum
1257 2352 1290 2403 ὅ

148 2427 310 2489 altitudinis
336 2429 486 2490 emunitus
512 2436 589 2499 erat,
617 2438 646 2488 el
668 2429 809 2489 inuentus
831 2428 959 2499 delecta,
985 2426 1036 2488 nbi
1066 2427 1230 2507 plurimum

112 2514 273 2592 aperienti
295 2531 329 2573 ac
351 2514 466 2573 timoris
489 2512 710 2587 ostendebatur,
733 2512 819 2574 ibini
836 2513 947 2573 maiore
963 2512 1155 2574 obsistebant.
1193 2530 1229 2573 ac

148 2598 245 2676 primo
268 2595 428 2658 missilibus
449 2596 629 2658 submouere
651 2598 765 2658 hostem
789 2597 1020 2677 necquicquam
1036 2598 1106 2658 satis
1128 2607 1227 2658 tutum

146 2681 352 2743 munientibus
374 2682 450 2760 pati;
473 2681 579 2741 deinde
601 2681 658 2741 iam
682 2700 744 2742 non
766 2699 822 2760 pro
845 2682 1001 2743 moenibus
1026 2682 1115 2743 modo
1137 2690 1228 2760 atque

147 2766 223 2826 turri
244 2766 301 2826 tela
315 2766 435 2839 micare,
458 2766 508 2826 sed
525 2767 561 2827 ad
578 2766 795 2845 erumpendum
811 2768 898 2827 etiam
914 2768 945 2828 in
960 2767 1103 2828 stationes
1118 2785 1228 2846 opera·
1254 2776 1289 2826 ω

109 2860 124 2909 9
147 2869 205 2930 que
220 2851 349 2912 hostium
365 2851 481 2912 animus
496 2860 576 2926 erat;
592 2850 702 2929 quibus
715 2852 913 2913 tumultuariis
924 2852 1136 2913 certaminibus
1147 2852 1227 2914 haud

97 2943 126 2993 tu
147 2938 240 2996 lerme
256 2936 357 3015 plures
373 2936 530 3014 Saguntini
545 2936 688 2997 cadebant
705 2954 794 3015 quam
808 2938 910 2998 Poeni.
941 2947 974 2999 ut
988 2955 1061 2998 uero
1076 2937 1227 2999 Hannibal

146 3021 226 3099 ipse,
255 3021 324 3081 dum
355 3037 473 3081 murum
502 3022 649 3082 incautius
676 3022 771 3094 subit,
799 3023 956 3083 aduersum
985 3022 1083 3083 lemur
1110 3024 1227 3101 tragula

234 3191 246 3240 1
266 3186 345 3239 relata
360 3186 423 3239 C'dl
437 3187 518 3238 relatu
533 3187 563 3239 0¹
576 3187 614 3255 ΙΙ2
633 3186 788 3241 decedentes
807 3189 847 3252 0¹,
864 3204 934 3240 corr.
954 3188 985 3240 θ’
999 3188 1037 3253 ll
1055 3187 1226 3241 intendebant

146 3258 166 3319 ς
183 3254 345 3306 intenderant
358 3254 409 3306 CM
416 3254 426 3321 l
440 3257 455 3306 5
469 3262 566 3307 tantam
580 3253 641 3307 (ΜΡ
658 3260 757 3308 tantuna
769 3256 810 3308 Μ
821 3255 832 3324 ΙΙ
845 3258 861 3308 6
876 3256 940 3309 haee
952 3256 1017 3308 0²1³!
1025 3256 1073 3308 hac
1085 3256 1117 3308 0¹
1128 3257 1139 3323 Ι
1152 3256 1225 3309 uide·

145 3322 221 3374 hatur
238 3322 301 3374 uicit
319 3322 361 3373 ΜΙ
378 3327 405 3372 et
421 3340 475 3375 ras.
494 3340 529 3374 aa·
546 3323 699 3376 uidebantur
716 3324 814 3376 uicitC
829 3324 892 3375 uicit
909 3324 1044 3377 uidebatur
1053 3324 1094 3376 Μι
1105 3325 1145 3391 Η
1164 3326 1226 3377 hae·

145 3388 205 3441 bins
223 3390 362 3457 tamphilus
380 3391 509 3457 sagonem
526 3391 609 3443 labina
628 3392 773 3458 pamphilus
793 3392 906 3459 οΜ1113
925 3392 1053 3461 zacyntho
1074 3398 1095 3457 ς
1111 3398 1223 3458 aagnnto

145 3456 215 3525 ΟΜΙ
231 3461 263 3511 14
279 3457 382 3525 quidam
396 3459 456 3511 Cdl¹
473 3458 601 3527 qnondam
614 3460 654 3511 Μ’
671 3463 701 3510 in
718 3475 804 3526 marg.
817 3462 827 3527 l
843 3461 874 3513 tt
889 3458 956 3512 fines
967 3460 1008 3512 Μ’
1022 3460 1033 3528 l
1045 3463 1077 3513 20
1091 3458 1223 3525 planoreaa

146 3525 186 3587 0¹,
208 3541 278 3577 corr.
299 3527 330 3579 θ’
344 3526 353 3593 ΙΙ
366 3530 397 3580 21
421 3541 485 3595 quaa
504 3526 569 3579 ΨΜ
588 3543 679 3595 quams
696 3530 742 3579 nal
783 3542 841 3579 nam
856 3527 887 3579 0¹
899 3528 910 3594 fl
922 3530 956 3581 22
978 3528 1050 3579 loona
1069 3528 1131 3580 CM'
1148 3529 1223 3581 locua

144 3593 208 3643 satis
219 3592 260 3644 Μι
278 3594 283 3659 l
296 3610 381 3647 muros
394 3594 467 3714 0Μὲ
476 3596 508 3648 23
527 3595 724 3696 haudquaquam
796 3594 1018 3664 haudquamquam
1032 3596 1092 3647 ΟΜί
1104 3597 1115 3664 Ι
1127 3598 1161 3649 25
1179 3612 1223 3649 au·

144 3666 221 3726 pecto
235 3661 256 3712 C
289 3664 320 3714 22
337 3663 431 3714 maiore
464 3662 505 3713 Μ’
521 3665 611 3715 maiori
624 3664 656 3715 Μ
676 3664 687 3730 ΙΙ
699 3663 860 3715 obsistebant
873 3664 933 3715 ΟΜ·
950 3663 1104 3715 obaiatidant
1120 3670 1153 3714 ut
1163 3666 1223 3718 uid.

145 3726 186 3777 M¹
199 3726 209 3794 ΙΙ
222 3730 254 3781 29
277 3729 361 3797 adque
385 3730 471 3797 01133
494 3731 549 3795 ipse
569 3731 633 3782 (ΡΜ
656 3732 699 3796 ipe
718 3731 748 3783 0¹
760 3731 771 3799 Ι
784 3732 911 3783 incautlna
930 3731 991 3783 ΟΜ
1017 3732 1136 3784 incamus
1153 3732 1195 3783 Μ·
1211 3732 1223 3801 Ι

146 3796 215 3846 subit
233 3796 265 3846 Μ
278 3797 358 3849 subiit
376 3797 397 3849 C
407 3798 417 3863 ΙΙ
430 3798 552 3849 aduersus
571 3798 592 3850 C
1247 3796 1251 3804 '
