2734 4250
173 116 234 177 278
563 114 657 167 LIBER
674 116 753 182 XXV,
772 118 813 170 29.
827 119 857 169 30
1116 143 1136 175 a.
1146 141 1169 174 u.
1180 142 1200 175 c.
1210 134 1251 175 sla

172 290 290 371 optulit,
312 290 377 351 irati
399 290 576 350 interfecere
599 297 687 367 atque
711 290 819 363 omnia,
843 288 966 369 quaein
991 297 1132 368 promptu
1155 298 1250 361 erant,

120 386 150 438 10
171 372 368 457 diripuerunt.
386 384 460 449 tum,
472 393 511 435 ne
522 374 587 436 sine
598 374 724 436 ducibus
736 382 845 448 essent,
858 392 907 436 sex
921 374 1085 454 praefectos
1096 391 1251 449 creauere,

171 472 205 525 ut
217 462 295 522 terni
307 459 491 521 Achradinae
502 478 536 520 ac
551 460 643 521 Nasso
657 468 838 539 praeessent.
868 460 967 521 sedato
984 459 1104 520 tandem
1119 460 1250 521 tumultu

172 546 387 627 exequentibus
406 544 585 607 sciscitando
606 546 830 618 mercennariis,
853 563 929 624 quae
945 553 1008 605 acta
1023 561 1091 605 cum
1107 544 1252 607 Romanis

171 640 280 706 essent,
303 631 434 693 dilucere
449 630 478 692 id
494 631 574 709 quod
589 639 652 691 erat
674 631 780 709 coepit,
804 630 886 691 aliam
909 647 991 693 suam
1007 647 1041 691 ac
1056 630 1249 709 perfugarum
1274 642 1291 691 5

119 724 159 782 80
172 736 292 779 causam
310 734 384 777 esse.
421 716 451 776 in
474 723 609 796 tempore
631 715 719 795 legati
734 734 750 775 a
766 715 904 777 Marcello
927 715 1088 789 redieruut,
1110 714 1181 777 falsa
1198 734 1251 777 eos

171 802 342 881 suspicione
356 801 495 862 incitatos
509 809 711 862 memorantes
727 820 782 862 nec
798 819 915 863 causam
931 799 1113 881 expetendae
1133 818 1251 879 poenae

134 894 149 944 2
171 906 276 949 eorum
299 886 388 949 ullam
403 886 545 948 Romanis
559 905 634 948 esse.
671 894 735 947 erat
750 906 766 947 e
781 886 876 948 tribus
891 884 1076 947 Achradinae
1092 886 1251 965 praefectis

171 973 330 1052 llispanus,
352 971 500 1033 Moericus
523 972 653 1032 nomine.
694 971 815 1032 adeum
838 972 918 1033 inter
940 972 1062 1033 comites
1084 971 1248 1049 legatorum

171 1058 208 1119 de
230 1057 373 1119 industria
395 1074 474 1118 unus
495 1075 532 1117 er
553 1057 754 1136 Hispanorum
777 1056 967 1118 auxiliaribus
989 1064 1033 1118 est
1055 1056 1171 1129 missus,
1198 1057 1251 1136 qui
1276 1066 1308 1119 1⁰

172 1144 237 1205 sine
251 1141 371 1204 arbitris
385 1141 548 1203 Moericum
564 1150 690 1204 nanctus
704 1142 844 1221 primum,
867 1161 926 1222 quo
943 1141 972 1202 in
988 1150 1065 1203 statu
1080 1142 1251 1221 reliquisset

133 1234 148 1284 ³
170 1228 342 1309 Hispaniam
365 1236 451 1288 —et
473 1245 571 1307 nuper
591 1227 662 1288 inde
683 1236 810 1289 uenerat
831 1262 882 1302 -‚
905 1226 1042 1306 exponit:
1066 1228 1165 1289 omnia
1187 1227 1249 1289 llo-

170 1314 266 1375 manis
287 1312 327 1374 ibi
344 1312 473 1392 optineri
494 1312 593 1374 armis.
630 1332 719 1392 posse
737 1330 814 1387 eum,
837 1313 862 1375 si
877 1331 985 1393 operae
1007 1312 1138 1392 pretium
1151 1313 1248 1395 faciat,

170 1398 336 1479 principem
360 1397 548 1477 popularium
571 1415 645 1471 esse,
666 1416 720 1459 seu
742 1397 867 1459 militare
890 1416 958 1459 cum
977 1397 1118 1459 Romanis
1139 1417 1194 1460 seu
1216 1398 1247 1459 in

170 1484 297 1564 patriam
317 1483 429 1544 reuerti
446 1482 561 1558 lubeat3
585 1491 699 1556 contra,
723 1484 748 1544 si
761 1482 849 1544 malle
871 1482 1000 1545 obsideri
1022 1491 1135 1562 pergat,
1159 1502 1249 1563 quam
1275 1494 1306 1544 15
1364 1496 1365 1561 t

112 1576 149 1625 .l
169 1588 252 1649 spem
282 1587 346 1631 esse
374 1576 452 1629 terra
483 1568 616 1647 marique
643 1566 766 1630 clauso?
797 1576 895 1630 motus
917 1567 962 1631 bis
984 1568 1148 1642 Moericus,
1178 1586 1247 1630 cum

169 1654 283 1733 legatos
300 1655 336 1714 ad
351 1653 520 1714 Marcellum
543 1652 619 1714 mitti
641 1654 810 1733 placuisset,
832 1655 952 1715 fratrem
975 1654 1054 1714 inter
1075 1672 1127 1715 eos
1148 1654 1248 1727 mittit,

170 1739 222 1818 qui
244 1755 299 1818 per
314 1738 441 1799 eundem
460 1738 542 1800 illum
558 1737 721 1818 Hispanum
745 1746 877 1801 secretus
891 1738 928 1801 ab
946 1739 1009 1801 aliis
1024 1738 1059 1799 ad
1076 1738 1248 1801 MareeMum

169 1824 330 1898 deductus,
360 1841 428 1884 cum
451 1823 539 1885 fidem
562 1824 726 1903 accepisset
747 1825 1020 1904 composuissetque
1042 1824 1175 1903 agendae
1197 1842 1247 1885 or·

133 1917 148 1966 5
169 1908 270 1969 dinem
292 1908 346 1979 rei,
368 1908 565 1970 Achradinam
588 1908 673 1971 redit.
712 1919 774 1971 tum
790 1910 947 1984 Moericus,
971 1918 1003 1971 ut
1018 1909 1054 1970 ab
1077 1909 1249 1989 suspicione
1273 1919 1304 1971 2]

170 1993 346 2074 proditionis
360 2002 510 2055 auerteret
523 1994 657 2055 omnium
672 1995 797 2069 animos,
821 2003 908 2075 negat
930 1994 986 2055 sibi
1002 1995 1120 2074 placere
1135 1996 1248 2074 legatos

169 2096 337 2141 commeare
352 2078 429 2141 ultro
446 2080 595 2160 citroque:
619 2098 718 2160 neque
733 2080 937 2161 recipiendum
953 2098 1133 2160 quemquam
1149 2098 1247 2160 neque

169 2165 362 2240 mittendum,
391 2174 421 2226 et
443 2184 502 2244 quo
529 2165 675 2227 intentius
697 2166 847 2228 custodiae
874 2176 1048 2240 seruentur,
1077 2174 1247 2247 opportuna

169 2249 327 2312 diuidenda
349 2251 508 2330 praefectis
529 2269 603 2325 esse,
626 2259 659 2312 ut
673 2269 744 2313 suae
762 2252 886 2332 quisque
902 2251 994 2331 partis
1015 2251 1156 2312 tutandae
1178 2269 1248 2312 reus

132 2343 148 2393 6
168 2335 215 2397 sit.
252 2354 356 2398 omnes
377 2335 493 2398 adsensi
508 2344 588 2397 sunt.
624 2336 759 2416 partibus
782 2336 948 2398 diuidendis
963 2337 1020 2416 ipsi
1041 2337 1123 2416 regio
1146 2337 1249 2398 euenit
1271 2346 1301 2398 25

168 2420 206 2481 ab
221 2421 366 2483 Arethusa
382 2423 465 2482 fonte
479 2439 574 2500 usque
590 2421 626 2482 ad
643 2422 750 2484 ostium
767 2423 866 2502 magni
881 2430 995 2502 portus.
1039 2422 1068 2484 id
1084 2431 1119 2484 ut
1136 2421 1248 2483 scirent

132 2514 147 2563 t
168 2506 304 2580 Romani,
327 2506 405 2567 fecit.
448 2507 548 2585 itaque
570 2507 726 2569 Marcellus
749 2517 836 2569 nocte
860 2525 965 2569 nauem
990 2507 1155 2569 onerariam
1178 2525 1246 2568 cum

168 2593 287 2653 armatis
309 2592 441 2653 remulco
465 2591 659 2670 quadriremis
680 2592 756 2654 trahi
779 2594 813 2654 ad
828 2592 1026 2654 Achradinam
1048 2592 1132 2655 iussit
1154 2611 1246 2672 erpo-

170 2678 260 2756 nique
281 2676 389 2738 milites
416 2677 539 2756 regione
566 2686 684 2758 portae,
715 2697 790 2758 quae
812 2696 906 2758 prope
934 2679 1048 2739 fontem
1071 2677 1245 2740 Arethusam

131 2768 222 2822 test.
260 2761 317 2822 hoe
332 2780 399 2822 cum
423 2771 527 2841 quarta
550 2763 650 2843 uigilia
672 2764 783 2824 factum
801 2773 887 2838 esset,
910 2763 1119 2843 expositosque
1141 2761 1248 2824 milites
1269 2773 1297 2823 dt

169 2854 264 2925 porta,
287 2855 321 2906 ut
335 2857 528 2922 conuenerat,
552 2848 714 2928 recepisset
728 2848 881 2924 Moericus,
897 2848 964 2909 luce
981 2849 1076 2928 prima
1090 2847 1246 2910 Marcellus

131 2931 308 2992 comnibus
330 2932 424 3010 copiis
446 2933 562 2993 moenia
585 2932 767 2995 Achradinae
791 2933 960 3013 adgreditur
982 2935 1030 3008 ita,
1054 2941 1087 2994 ut
1109 2952 1169 2994 non
1194 2949 1246 2994 eos

168 3016 282 3090 solum,
311 3015 362 3095 qui
385 3016 582 3078 Achradinam
604 3017 762 3094 tenebant,
791 3019 822 3079 iu
845 3038 876 3080 se
899 3027 1105 3092 conuerteret,
1134 3018 1186 3080 sed
1209 3017 1245 3078 ab

167 3101 260 3163 Nasso
275 3102 362 3162 etiam
377 3102 493 3179 agmina
514 3111 693 3165 armatorum
708 3113 926 3166 concurrerent
944 3103 1054 3166 relictis
1068 3103 1245 3165 stationibus
1364 3181 1365 3184 Ἴ

117 3192 146 3245 10
166 3187 228 3249 suis
249 3186 285 3247 ad
307 3187 369 3248 uim
391 3196 421 3249 et
449 3188 592 3267 impetum
615 3187 818 3250 Romanorum
849 3189 1020 3251 arcendum.
1065 3189 1095 3249 in
1119 3189 1175 3250 hoc
1199 3195 1246 3248 tu·
1268 3197 1296 3248 ³5
1364 3185 1365 3254 ζ

254 3392 266 3443 1
286 3389 388 3457 oppulit
399 3388 441 3459 ΡΗ
454 3389 606 3442 interfecere
618 3393 637 3454 ς
663 3387 806 3442 interlicere
821 3391 863 3457 ΡΙ
877 3404 926 3457 que
938 3389 1009 3458 Pb2
1028 3403 1074 3441 sex
1086 3389 1120 3440 Ρ1
1146 3404 1178 3440 ex
1193 3388 1244 3458 1²¹!

167 3459 183 3508 3
201 3456 338 3508 achradine
349 3457 382 3508 1²¹
399 3457 517 3510 acredine
529 3457 579 3525 ΡΙ
588 3472 621 3524 ag
633 3458 697 3523 Plll
714 3459 895 3510 mercennariis
907 3458 968 3510 add
982 3463 1010 3524 ς,
1028 3473 1080 3510 om.
1092 3456 1133 3525 l'll
1145 3459 1161 3510 9
1174 3471 1243 3510 moe·

166 3523 237 3576 ribus
254 3525 295 3586 ln,
314 3541 385 3578 corr.
401 3526 452 3592 1³²1
473 3528 503 3579 13
522 3526 646 3594 praetium
664 3525 706 3593 Pp
722 3529 754 3580 15
772 3526 884 3591 libeat&
909 3526 998 3578 iubeat
1011 3526 1052 3592 ΡΙΙ
1067 3529 1098 3580 16
1116 3525 1244 3579 moericus

166 3608 201 3642 aa>
219 3592 397 3660 moeriquecus
407 3594 441 3646 1³¹
478 3597 509 3647 18
527 3598 641 3646 secretus
655 3599 676 3658 ς
688 3595 773 3646 Aldus
799 3599 926 3647 secretum
938 3596 979 3662 ΡΙ
995 3597 1026 3646 19
1045 3593 1245 3660 composuisset-

167 3674 233 3726 quae
245 3660 287 3726 ΡΙΙ
301 3663 334 3712 20
346 3661 491 3715 moerichus
502 3662 544 3728 ΡΙΙ
557 3665 590 3714 tt
603 3666 747 3729 opportuna
761 3661 848 3731 (loca)
860 3667 879 3728 ς
890 3663 900 3729 ΙΙ
915 3664 948 3715 tt
960 3661 1081 3728 prefectis
1089 3660 1133 3728 Pl
1145 3663 1177 3713 26
1190 3675 1244 3714 ma·

165 3727 224 3792 gnis
241 3728 265 3777 P
283 3729 294 3796 ΙΙ
314 3731 346 3782 28
371 3728 402 3781 ad
425 3729 551 3795 (insulam
574 3729 630 3795 (uel
652 3733 753 3795 nasum)
777 3732 847 3782 iuxta
871 3731 925 3795 (uel
941 3734 1042 3798 praeter
1059 3729 1104 3780 uel
1121 3727 1245 3800 circum»

167 3793 331 3847 achradinam
349 3800 419 3848 cont.
439 3797 581 3850 Weissenb.
594 3797 605 3865 b
618 3800 649 3850 st
669 3797 815 3851 moericbus
833 3799 874 3866 Pp
888 3801 920 3852 32
940 3796 1074 3850 achradine
1092 3798 1116 3849 P
