2734 4250
79 156 198 200 eciem
460 137 555 191 LIBER
572 138 650 203 XXV,
669 140 710 192 31.
725 141 756 193 at
1081 132 1141 195 287

153 314 209 374 Par
229 312 419 391 neglegentia
433 312 465 372 in
481 311 585 373 castris
602 312 803 374 custodiendis
818 312 889 387 luit3
913 328 980 371 nam
1003 310 1058 371 etsi
1073 326 1143 389 pro·
1167 318 1194 370 16

76 401 197 480 pinquus
217 398 313 461 hostis
335 406 407 473 erat,
430 406 529 458 tamen
551 396 691 476 reliquias
713 417 780 459 eum
801 416 865 459 esse
887 396 1013 457 duorum
1029 394 1143 456 exerci-

76 495 152 546 tuum
180 492 249 545 ante
276 500 389 563 paucos
410 483 473 544 dies
495 482 659 543 deletorum
688 482 889 544 succurrebat.
934 480 972 543 ob
996 482 1053 541 boe
1075 498 1144 541 cum
1166 490 1194 540 11

77 570 167 630 omnia
194 568 329 647 neglecta
356 575 429 648 aput
455 567 549 629 hostis
570 576 685 640 essent,
716 568 876 647 exploratis
901 566 936 629 iis
958 565 1085 627 Marcius
1106 565 1142 625 ad

45 654 221 716 tconsilium
244 652 340 732 prima
354 653 453 733 specie
476 652 664 714 temerarium
684 654 777 733 magis
800 672 887 733 quam
903 652 996 715 audax
1011 652 1142 711 animum

75 740 180 812 adiecit,
201 748 237 799 ut
256 739 336 799 ultro
359 746 453 800 castra
474 738 603 799 bostium
626 746 824 818 oppugnaret,
847 738 961 801 lacilius
977 755 1040 797 esse
1064 744 1144 797 ratus
1168 744 1194 796 18

76 825 156 886 unius
180 822 372 885 Hasdrubalis
398 824 561 904 expugnari
589 833 683 884 castra
712 842 816 903 quam,
846 824 870 886 si
899 841 930 884 se
957 840 1062 883 rursus
1084 829 1144 883 tres

75 910 214 971 exercitus
235 928 270 970 ac
290 916 351 970 tres
373 908 464 970 duces
485 907 661 981 iunxissem,
689 928 741 970 sua
763 909 898 985 delendi3
928 908 1015 970 simul
1037 916 1097 981 aut,
1120 906 1144 966 si
1167 915 1194 967 11

75 995 257 1057 successisset
281 993 411 1072 coeptis,
440 1002 609 1055 erecturum
635 1013 667 1054 se
691 994 820 1057 adllictas
842 1012 891 1055 res
913 1003 971 1067 aut,
994 994 1017 1055 si
1041 992 1143 1073 pulsus

34 1091 56 1141 to
74 1088 152 1152 esset,
175 1088 274 1140 tamen
290 1079 369 1140 ultro
390 1079 545 1139 inserendo
561 1096 642 1139 arma
660 1088 865 1159 contemptum
881 1080 927 1141 sui
942 1080 1141 1158 dempturum.

76 1183 109 1225 ne
122 1173 220 1226 100100
243 1163 340 1225 subita
361 1182 410 1225 res
431 1171 461 1224 et
475 1172 644 1225 nocturnus
664 1173 761 1225 terror
783 1172 812 1225 et
831 1165 887 1226 iam
911 1184 972 1226 uon
995 1182 1065 1227 suae
1081 1164 1142 1225 lor·
1156 1167 1193 1223 38

75 1259 155 1311 tunae
176 1248 335 1311 consilium
356 1248 554 1328 perturbaret,
583 1248 786 1328 adloquendos
808 1248 1065 1329 adhortandosque
1087 1248 1143 1309 sibi

74 1334 173 1397 milites
200 1343 283 1396 ratus
312 1334 453 1395 contione
478 1333 619 1394 aduocata
648 1334 688 1395 ita
714 1333 867 1396 disseruit:
893 1328 958 1395 ‘Vel
986 1352 1051 1396 mea
1074 1352 1143 1412 erga
1165 1344 1179 1393 2

74 1420 262 1501 imperatores
296 1426 416 1480 nostros
450 1419 538 1479 uiuos
570 1426 764 1498 mortuosque
796 1419 890 1499 pietas
921 1420 970 1481 uel
1002 1436 1144 1500 praesens

36 1516 55 1567 u
73 1506 197 1566 omnium
213 1512 359 1578 nostrum,
373 1503 489 1577 milites,
504 1504 624 1565 lortuna
635 1503 723 1565 fidem
735 1504 830 1567 cuiuis
840 1506 936 1567 lacere
951 1514 1057 1585 potest,
1073 1504 1144 1565 mibi

75 1590 125 1651 boc
145 1589 319 1670 imperium,
347 1597 382 1649 ut
402 1588 533 1668 amplum
563 1588 672 1650 iudicio
701 1597 816 1663 uestro,
846 1589 885 1651 ita
913 1610 946 1652 re
968 1590 1030 1671 ipsa
1052 1607 1144 1670 graue

74 1692 104 1735 ae
124 1676 282 1737 sollicitum
304 1693 379 1736 esse.
415 1692 474 1753 quo
501 1674 581 1735 enim
604 1683 752 1754 tempore,
783 1674 840 1736 nisi
862 1684 958 1737 metus
980 1692 1144 1738 maerorem
1166 1685 1181 1735 a

76 1759 322 1839 obstupefaceret,
351 1758 402 1819 uix
430 1759 469 1820 ita
492 1777 615 1839 compos
636 1760 695 1820 mei
721 1778 834 1835 essem,
863 1769 896 1821 ut
918 1762 1014 1841 aliqua
1036 1760 1144 1824 solacia

75 1844 203 1907 inuenire
225 1864 316 1925 aegro
337 1845 436 1905 animo
457 1862 591 1923 possem,
616 1862 709 1923 cogor
730 1854 859 1907 uestram
882 1847 1014 1907 omnium
1038 1848 1143 1919 uicem,

36 1932 146 2009 toquod
173 1929 381 1991 difficillimum
406 1930 436 1990 in
459 1930 542 1991 luctu
565 1938 624 2004 est,
654 1947 734 1992 unus
759 1930 926 1992 consulere.
970 1940 1000 1993 et
1022 1951 1060 1993 ne
1082 1940 1182 1992 turnt

74 2016 201 2093 quidem,
224 2014 289 2089 ubi,
314 2032 443 2093 quonam
465 2015 554 2075 modo
576 2015 629 2076 has
650 2014 790 2095 reliquias
811 2016 938 2078 duorum
961 2018 1145 2078 exercituum

75 2101 178 2180 patriae
201 2116 383 2163 conseruare
404 2099 532 2180 possim,
555 2099 746 2182 cogitandum
769 2108 827 2177 est,
854 2110 990 2164 auertere
1012 2103 1143 2164 animum

75 2185 106 2247 ab
126 2188 244 2250 assiduo
269 2202 402 2247 maerore
423 2186 500 2247 licet.
545 2195 663 2265 praesto
692 2195 737 2247 est
765 2187 844 2247 enim
868 2188 972 2249 acerba
994 2187 1145 2260 memoria,
1162 2197 1183 2246 -1

76 2279 103 2331 et
126 2273 284 2354 Scipiones
318 2289 364 2332 me
399 2269 486 2331 ambo
521 2271 584 2332 dies
621 2279 784 2351 noctesque
819 2272 898 2332 curis
929 2272 1145 2351 insomniisque

35 2358 178 2436 110ςί1001
200 2365 231 2419 01
247 2356 377 2418 excitant
398 2373 486 2435 saepe
507 2375 624 2430 somno,
647 2375 707 2417 neu
730 2375 762 2418 se
785 2375 845 2417 neu
860 2356 988 2420 inuictos
1010 2377 1064 2438 per
1079 2366 1146 2418 octo
1167 2366 1183 2416 t

76 2459 164 2504 annos
184 2442 216 2504 in
234 2442 282 2503 bis
296 2440 382 2502 terris
402 2440 509 2502 milites
524 2459 604 2513 suos,
627 2441 845 2502 commilitones
860 2449 985 2518 uestros,
1009 2462 1067 2504 neu
1084 2461 1145 2504 rem

75 2527 215 2606 publicam
238 2526 335 2608 patiar
355 2525 495 2601 inultam,
517 2536 547 2587 et
567 2543 650 2588 suam
672 2526 857 2608 disciplinam
879 2545 991 2606 suaque
1013 2528 1146 2590 instituta

76 2614 152 2692 sequi
173 2612 283 2674 iubent
304 2621 348 2685 et,
378 2619 412 2672 ut
432 2610 565 2691 imperiis
592 2611 732 2672 uiuorum
761 2629 850 2673 nemo
874 2611 1079 2674 oboedientior
1100 2631 1147 2674 me
1169 2625 1183 2672 x

76 2714 131 2758 uno
151 2698 253 2772 luerit,
276 2696 316 2758 ita
337 2704 405 2775 post
418 2704 546 2757 mortem
567 2714 662 2769 suam,
684 2696 764 2776 quod
787 2697 818 2758 in
838 2716 955 2778 quaque
970 2717 1002 2759 re
1017 2699 1147 2761 facturos

38 2792 59 2843 11
76 2782 135 2845 illos
155 2784 248 2846 luisse
270 2783 397 2843 maxime
418 2799 564 2854 censeam,
587 2781 616 2842 id
635 2783 781 2860 optimum
805 2782 923 2844 ducere.
960 2803 1015 2846 uos
1029 2802 1149 2864 quoque
1169 2795 1184 2845 8

77 2867 172 2943 uelim,
201 2867 329 2941 milites,
360 2885 421 2928 non
449 2867 587 2928 lamentis
610 2867 799 2947 lacrimisque
827 2876 975 2948 tamquam
1002 2870 1148 2931 extinctos

76 2954 209 3034 prosequi
232 2987 277 2998 —-
297 2952 407 3014 uiuunt
431 2951 594 3032 uigentque
622 2953 698 3013 lama
720 2969 821 3014 rerum
843 2963 989 3032 gestarum
1012 2989 1064 3030 -,
1087 2954 1148 3030 sed,

77 3039 340 3116 quotienscumque
355 3045 493 3098 occurret
515 3037 657 3098 memoria
678 3038 806 3113 illorum,
829 3039 911 3100 uelut
926 3039 952 3100 si
967 3039 1149 3102 adhortantis

78 3123 249 3204 signumque
272 3123 369 3184 dantis
389 3121 514 3184 uideatis
535 3141 596 3196 eos,
618 3121 657 3184 ita
672 3123 785 3203 proelia
807 3123 893 3184 inire.
932 3143 986 3186 nec
1010 3125 1063 3186 alia
1079 3135 1186 3204 pro-9

38 3207 147 3270 electo
168 3209 287 3290 species
308 3208 449 3271 hesterno
471 3208 519 3268 die
540 3208 638 3268 oblata
653 3207 746 3270 oculis
768 3207 933 3288 animisque
955 3210 1064 3271 uestris
1087 3228 1149 3272 me-

80 3421 119 3460 101
134 3410 167 3461 1¹¹
191 3425 271 3463 ruens
287 3409 343 3476 1111
356 3413 369 3464 1
388 3409 533 3476 relegentis
549 3409 581 3460 Ρ1
607 3408 768 3476 neclegentia
786 3409 820 3462 1²²
831 3409 870 3478 112
888 3410 1026 3462 exercitum
1040 3410 1110 3478 2118
1128 3411 1150 3462 si

82 3483 107 3540 ς,
121 3493 169 3532 om.
184 3479 259 3547 219
275 3485 418 3531 erecturum
437 3479 469 3529 A.
482 3479 639 3528 Perizonius
664 3480 840 3544 erecepturum
857 3478 900 3545 ΡΙΙ
914 3482 946 3531 10
964 3479 1003 3530 sui
1022 3482 1041 3544 ς
1066 3479 1110 3530 1111
1130 3479 1153 3529 Ρ

82 3545 192 3600 10110111
205 3551 278 3598 coni.
291 3544 459 3614 1711110οΜ
474 3550 503 3599 11
518 3550 639 3598 terrorem
652 3549 678 3597 et
690 3545 732 3613 Pb
748 3547 778 3600 18
791 3561 896 3614 campos
909 3547 958 3598 mei
972 3550 1058 3599 esseut
1070 3551 1098 3598 01
1110 3547 1151 3614 ΡΙ]

84 3615 202 3682 recogn
219 3617 263 3681 ΡΙ
277 3617 308 3668 21
328 3615 468 3667 exercitum
486 3613 687 3681 2122001110
705 3617 725 3678 ς
751 3629 855 3682 possem
872 3613 919 3682 ΡΙ
938 3617 970 3668 23
989 3614 1050 3667 licet
1070 3615 1150 3668 Groa.

82 3679 238 3750 1111012124
255 3683 432 3750 insomnisque
445 3681 487 3749 Pl
500 3685 533 3735 29
551 3683 576 3733 in
595 3696 672 3749 quaq.
685 3681 711 3732 in
725 3697 751 3734 re
764 3681 964 3750 Ρ113011101Ρ,
981 3681 1047 3744 sort.
1059 3683 1130 3751 ipsos
1142 3683 1151 3750 fl

83 3750 110 3803 at
127 3749 245 3804 lamentis
263 3755 283 3815 ς
308 3751 417 3803 amentis
436 3751 477 3817 ΡΙΙ
490 3751 522 3804 32
539 3750 667 3802 0100012
689 3749 781 3803 010001
800 3750 901 3815 0011ος
928 3751 971 3819 qui
990 3753 1081 3804 uiuunt
1093 3750 1151 3802 llio-

82 3831 157 3869 maun
170 3817 334 3886 luigentqne
352 3819 377 3869 P
398 3818 537 3886 ninentqne
555 3817 663 3884 Lipsius
