2734 4250
218 133 256 190 16
606 131 700 186 LlBEH
718 132 783 197 xxt,
802 136 843 190 18.
856 135 888 186 to
1156 160 1178 192 a,
1188 159 1211 191 u
1220 159 1241 191 c.
1250 149 1290 191 ιιι

177 317 192 366 t
213 307 277 367 iure
299 324 337 367 au
361 304 478 366 iniuria.
515 313 617 366 nostra
632 305 713 366 enim
727 305 801 364 baec
815 305 948 383 quaestio
970 314 1058 383 atque
1071 304 1290 366 animaduersio

215 391 245 452 iu
269 390 365 451 ciuem
395 400 530 452 nostrum
551 402 612 462 est,
641 390 711 469 quid
741 397 844 451 nostro
873 401 924 450 aut
950 409 1004 451 suo
1028 389 1131 450 iecerit
1151 389 1290 465 arbitrio;

175 487 192 536 ι
214 475 369 538 uobiscum
393 494 432 535 un
463 473 647 555 :disceptatio
671 486 725 548 εει,
746 473 903 536 licueritne
926 494 980 554 per
999 475 1103 536 loedus
1124 475 1199 535 lieri.
1236 475 1291 535 ita·

216 579 274 640 que
296 560 437 639 quoniam
459 559 587 621 discerni
610 560 721 638 placet,
744 559 815 638 quid
838 559 958 639 publico
980 559 1121 631 consilio,
1144 559 1214 638 quid
1238 579 1293 622 sua

215 653 322 725 sponte
336 644 529 724 imperatores
544 643 662 718 iaciant,
687 643 774 705 nobis
789 644 943 706 uobiscum
958 643 1064 706 foedus
1085 655 1130 705 est
1150 644 1215 706 all.
1232 645 1295 705 Lu·
1314 657 1327 704 t

215 730 288 791 tatio
302 729 425 792 consule
448 731 548 804 ictum,
570 729 601 790 in
625 748 684 808 quo
708 747 776 791 cum
797 740 955 791 caueretur
973 738 1168 808 utrorumque
1190 729 1292 803 sociis,

217 815 289 876 nihil
304 814 340 876 de
356 815 527 892 Saguntinis
544 848 584 860 -
603 814 730 876 necdum
753 814 832 876 enim
854 824 940 876 erant
960 813 1034 876 socii
1057 815 1204 875 uestri-
1219 833 1293 876 cau·

176 910 277 962 stum
300 911 352 962 est.
396 910 425 961 at
454 899 534 960 enim
563 919 599 960 eo
628 900 763 973 loedere,
793 900 873 978 quod
901 917 970 961 cum
993 898 1176 960 Hasdrubale
1199 899 1291 961 ictum

216 995 275 1058 est,
299 984 456 1063 Saguntini
478 983 678 1064 excipiuntur.
715 983 858 1046 aduersus
879 984 959 1062 qood
983 1003 1038 1062 ego
1063 983 1134 1045 nihil
1156 983 1293 1046 dicturus

166 1081 194 1130 to
215 1088 291 1142 sum,
315 1069 372 1130 nisi
394 1069 473 1148 quod
488 1089 505 1130 a
522 1068 606 1130 uobis
621 1068 719 1130 didici.
758 1085 811 1132 uos
826 1069 905 1130 enim
920 1069 999 1147 quod
1016 1068 1048 1130 (l.
1063 1069 1199 1130 Lutatius
1214 1088 1293 1130 con-
1312 1081 1337 1128 tt

216 1153 262 1217 sul
277 1154 372 1234 primo
396 1154 551 1217 nobiseum
567 1155 670 1216 loedus
693 1154 752 1226 icit,
775 1154 843 1233 quia
862 1173 960 1233 oeque
982 1171 1020 1214 ex
1041 1152 1214 1214 auctoritate
1237 1174 1292 1233 pa-

215 1251 293 1300 trum
317 1259 373 1301 nec
395 1239 498 1319 populi
513 1241 593 1302 iussu
609 1239 701 1300 ictum
720 1249 792 1312 crat,
815 1239 944 1318 negastis
967 1258 1020 1300 uos
1041 1257 1077 1299 eo
1100 1238 1211 1314 teneri;
1236 1240 1292 1300 ita·

165 1335 193 1384 ιι
216 1344 274 1404 que
296 1324 373 1386 aliud
389 1323 426 1384 de
446 1325 563 1404 integro
585 1325 690 1386 loedus
712 1324 831 1404 publico
850 1324 974 1385 consilio
990 1323 1081 1384 ictum
1104 1333 1157 1385 εει
1193 1323 1294 1386 sinos

216 1429 276 1471 non
300 1418 405 1473 tenent
426 1409 544 1472 foedera
560 1419 657 1471 uestra
681 1408 794 1471 nisiex
815 1408 989 1470 auctoritate
1011 1418 1062 1470 aut
1083 1408 1164 1470 iussu
1188 1419 1292 1470 uestro

216 1495 288 1570 icta,
318 1515 356 1556 ne
384 1513 439 1556 nos
468 1495 587 1590 quidem
610 1493 802 1555 Hasdrubalis
828 1495 946 1564 foedus,
976 1494 1055 1573 quod
1079 1493 1166 1555 nobis
1187 1493 1337 1556 insciiso

165 1579 281 1652 llicit,
315 1579 445 1657 obligare
474 1580 579 1658 potuit.
622 1578 749 1658 proinde
779 1579 903 1640 omittite
925 1578 1049 1675 Sagunti
1076 1589 1165 1657 atque
1187 1577 1293 1640 Hiberi

215 1663 397 1725 mentionem
421 1663 530 1736 lacere,
560 1671 604 1733 et
633 1662 713 1741 quod
735 1662 786 1723 diu
808 1663 935 1742 parturit
956 1665 1073 1724 animus
1095 1672 1211 1737 uester,
1236 1664 1293 1724 ali·

165 1757 192 1808 la
213 1748 334 1850 quando
357 1737 468 1826 pariat'
507 1757 570 1808 tum
587 1747 784 1808 Romanus
761 1766 829 1808 sinu
852 1767 887 1808 ex
909 1757 976 1829 toga
999 1750 1076 1810 lacto
1089 1741 1167 1809 ‘Hic
1191 1748 1294 1854 inquit

213 1825 313 1893 ‘uobis
345 1830 455 1893 bellum
488 1841 518 1893 et
550 1849 653 1912 pacem
689 1841 856 1912 portamus:
888 1841 989 1894 utrum
1020 1834 1125 1912 placet,
1160 1833 1291 1895 sumite‘.

216 1915 271 1978 sub
293 1917 372 1978 hanc
399 1935 504 1979 uocem
533 1918 610 1979 haud
640 1917 738 1980 minus
766 1917 920 1993 ferociter,
948 1919 1032 1980 daret
1061 1928 1162 1980 utrum
1189 1918 1293 1990 uellet,
1313 1929 1336 1978 bt

166 2013 194 2064 14
215 2002 424 2064 succlamatum
454 2012 507 2064 est
545 2010 574 2063 et
602 2020 668 2063 com
691 2003 716 2064 is
743 2002 851 2064 iterum
876 2003 944 2064 sinu
966 2004 1061 2066 eliuso
1083 2002 1194 2065 bellum
1216 2003 1292 2064 darc

217 2086 345 2162 dixisset,
368 2087 501 2167 accipere
523 2107 554 2151 se
571 2106 675 2150 omnes
691 2089 912 2169 responderunt
927 2098 966 2165 ει,
990 2089 1098 2168 quibus
1118 2089 1293 2170 acciperent

216 2172 330 2243 animis,
353 2171 444 2235 isdem
466 2193 498 2235 εε
520 2181 665 2252 gesturos.

164 2262 200 2318 19
301 2258 381 2321 Ηιεε
408 2259 525 2321 derecta
554 2258 758 2339 percunctatio
783 2276 818 2319 ac
839 2258 1024 2320 denuntiatio
1045 2258 1114 2319 belli
1137 2258 1231 2338 magis
1254 2279 1292 2321 ει

216 2342 356 2422 dignitate
379 2344 482 2424 populi
497 2343 622 2405 Romani
645 2343 709 2405 uisa
731 2354 777 2405 εει
794 2361 882 2422 quam
904 2344 940 2404 de
956 2344 1140 2405 foederum'
1132 2362 1197 2404 rure
1219 2362 1293 2405 uer·
1311 2354 1334 2403 ιι

178 2428 260 2490 ibis
274 2428 447 2508 disceptare,
470 2447 538 2491 oum
560 2438 637 2503 ante,
660 2439 724 2489 tum
746 2429 871 2489 maxime
886 2429 1018 2514 Sagunto
1039 2428 1145 2490 excisa.
1180 2446 1251 2489 nam
1267 2431 1291 2491 si

216 2512 378 2576 uerborum
412 2514 632 2609 disceptationis
660 2532 709 2576 res
737 2525 829 2587 esset,
864 2496 936 2592 quid
964 2514 1069 2575 loedus
1097 2512 1293 2575 Hasdrubali

216 2616 285 2660 oum
307 2598 415 2659 lutatii
436 2599 537 2677 priore
558 2598 687 2671 loedere,
710 2600 788 2677 quod
812 2607 956 2659 mutatum
978 2607 1038 2672 est,
1063 2598 1330 2677 conparandum

179 2694 193 2743 ι
214 2692 286 2756 erat,
308 2700 376 2743 oum
398 2683 429 2743 in
446 2682 544 2744 Lutati
565 2683 684 2743 loedere
698 2683 807 2745 diserte
828 2683 958 2745 additum
979 2692 1065 2755 esset,
1087 2683 1127 2744 ita
1141 2683 1170 2744 id
1193 2695 1329 2746 ratumt

216 2769 296 2840 lore,
324 2767 348 2828 si
375 2766 503 2847 populus
532 2768 712 2841 censuisset,
740 2768 771 2829 in
800 2768 990 2830 Hasdrubalis
1011 2768 1131 2829 loedere
1160 2787 1217 2829 nec
1240 2788 1293 2829 ει·
1311 2771 1329 2838 ι

217 2864 343 2931 ceptum
359 2853 416 2913 tale
439 2853 597 2949 quicquam
619 2852 718 2927 luerit,
741 2863 771 2914 et
788 2863 832 2914 tot
853 2871 1001 2914 annorum
1016 2854 1133 2915 silentio
1156 2853 1195 2913 ita
1217 2854 1291 2915 uiuo
1326 2881 1327 2932 ι

217 2956 252 2998 eo
268 2932 485 3016 conprobatum
508 2938 545 2999 sit
560 2937 672 3009 foedus,
696 2948 729 2999 ut
743 2957 783 2999 ne
797 2949 916 2999 mortuo
930 2938 1050 3016 quidem
1065 2948 1187 2999 anctore
1202 2939 1291 3017 quic·
1325 2961 1326 3022 t

178 3036 302 3101 equam
331 3020 517 3084 mutuetur?
544 3041 739 3102 quamquam,
768 3033 798 3083 ει
825 3023 851 3085 si
880 3023 980 3103 priore
1009 3024 1127 3084 loedere
1148 3032 1289 3095 staretur,

216 3107 286 3169 satis
301 3118 419 3168 cautum
436 3117 499 3169 erat
513 3107 684 3212 Saguntinis
706 3108 795 3169 sociis
817 3118 1013 3210 utrorumque
1033 3108 1175 3211 exceptis.
1220 3127 1291 3169 nam

216 3209 314 3271 neque
343 3192 472 3255 additum
502 3201 565 3254 erat
582 3187 631 3255 ‘iis
654 3193 706 3272 qui
728 3202 801 3255 tunc
822 3184 935 3255 essent
960 3212 1016 3255 neo
1033 3186 1087 3254 ‘nc
1114 3193 1166 3272 qui
1187 3204 1292 3273 postea

217 3328 418 3339 ...n——

302 3400 365 3449 bac
382 3396 474 3448 lutatio
494 3394 515 3447 C
530 3394 668 3446 uoluntatio
685 3393 718 3444 Μ
726 3394 765 3460 lb
783 3402 916 3446 aduretur
932 3394 980 3456 M¹‚
999 3410 1070 3449 corr.
1082 3392 1146 3459 ΜἸ
1159 3398 1191 3448 to
1209 3394 1290 3448 lucte-
1319 3403 1322 3496 1

217 3464 271 3515 eius
290 3463 311 3515 0
327 3464 449 3515 luctacios
463 3463 492 3514 Μ
500 3462 510 3529 ΙΙ
526 3466 555 3517 ll
569 3463 613 3514 icit
627 3468 648 3525 ς
665 3462 726 3513 iecit
739 3462 789 3514 ct!
802 3462 863 3514 iecit
874 3460 1028 3524 Alschefski
1037 3462 1048 3530 Ι
1061 3478 1092 3514 ex
1110 3462 1207 3515 addidi
1218 3466 1289 3515 Acta

217 3532 285 3583 Sem
297 3532 403 3595 Holong
404 3532 466 3583 ,111
478 3530 534 3593 188,
553 3547 604 3582 om.
623 3529 856 3596 CMlauctoritete
873 3529 903 3581 Μ
916 3533 942 3580 at
958 3548 1012 3583 ros.
1030 3546 1066 3582 acc
1082 3531 1289 3598 auctoritates!

219 3600 250 3652 16
271 3599 333 3650 iecit
350 3598 419 3665 cut
432 3602 464 3651 20
483 3568 550 3651 baud
569 3597 630 3651 GM²
652 3598 715 3650 haut
732 3598 771 3649 Μ1
784 3598 794 3664 Ι
807 3598 864 3651 21
857 3599 889 3649 ris
908 3598 975 3661 θίΜ,
1000 3614 1070 3649 corr.
1089 3597 1188 3666 0123
1206 3600 1289 3652 isdem

217 3666 249 3717 Μ
262 3666 352 3719 iisdem
366 3665 406 3734 Ol
420 3669 452 3719 24
465 3666 566 3718 derecta
579 3666 732 3727 Alschefski
757 3665 854 3718 directa
866 3670 885 3731 ς
911 3666 1013 3718 decreta
1028 3665 1097 3732 CH!
1110 3669 1143 3720 26
1158 3683 1216 3720 cum
1229 3677 1289 3721 ante

217 3738 247 3785 in
260 3734 281 3786 C
295 3751 372 3786 eraso
390 3740 453 3785 sunt
463 3734 474 3801 Ι
486 3734 584 3785 excissa
599 3734 625 3786 0.
638 3733 756 3784 Heraeus
767 3734 778 3801 l
791 3736 823 3787 28
841 3733 943 3786 luctacil
958 3735 1044 3803 0129
1062 3735 1152 3787 luctati
1166 3735 1188 3788 C
1203 3738 1287 3790 lutatii

218 3803 332 3871 M'lest
349 3802 379 3853 Μ
390 3800 400 3869 ΙΙ
412 3809 494 3853 ratum
514 3800 639 3853 illatum
658 3801 744 3870 01135
762 3806 831 3854 esset
849 3801 870 3854 C
