2734 4250
209 145 272 205 134
585 144 680 197 LIBER
698 144 783 210 xxtu,
803 147 854 199 'hd
1152 168 1173 202 a.
1184 171 1206 203 n.
1217 170 1237 202 o.
1249 162 1287 203 eas

87 353 89 356 ·
170 331 185 380 t
292 319 334 380 Ha
359 337 396 379 ne
418 319 525 379 tierent
548 336 608 378 neu
629 316 737 397 legatio
760 316 927 377 mitteretur
948 313 984 375 ad
1005 314 1148 387 Poenum,
1171 332 1288 376 summa

208 423 264 485 ope
286 404 394 466 Decius
416 403 544 482 Magius,
575 402 638 476 uir,
667 402 716 463 cui
738 402 773 463 ad
803 418 948 463 summam
976 400 1182 461 auctoritatem
1212 401 1289 461 nihil

168 498 183 549 5
204 499 324 570 praeter
337 506 439 551 sanam
455 488 564 549 ciuium
580 496 709 548 mentem
726 486 828 559 deluit,
844 486 1000 547 restiterat.
1037 494 1070 545 ut
1084 503 1157 546 uero
1173 486 1288 565 praesi-

207 574 289 636 dium
304 575 380 635 mitti
395 573 432 635 ab
445 572 610 633 Hannibale
625 571 747 645 audiuit,
764 571 867 651 Pyrrhi
878 570 1038 649 superbam
1051 569 1287 631 dominationem

206 659 462 737 miserabilemque
477 657 709 718 Tarentinorum
723 656 899 719 seruitutem
915 654 1049 734 exempla
1064 657 1210 729 relerens,
1225 656 1289 734 pri·
1310 669 1323 716 a

168 754 265 817 omo,
289 762 327 804 ne
350 742 533 823 reciperetur
554 742 741 822 praesidium,
765 740 862 821 palam
884 740 1063 802 uociferatus
1085 748 1145 814 est,
1167 740 1288 815 deinde,

206 839 240 889 ut
262 836 413 907 receptum
430 836 480 888 aut
494 827 641 889 eiceretur
655 836 714 901 ant,
737 827 761 887 si
784 826 893 887 malum
916 826 1040 897 lacinus,
1064 825 1175 904 quoda
1198 835 1289 885 uetu-

206 913 342 975 stissimis
355 913 444 974 sociis
460 912 751 991 consanguineisque
765 910 951 984 deiecissent,
967 910 1037 971 lorti
1052 928 1086 971 ac
1102 909 1289 972 memorabili

205 998 337 1059 facinore
358 1015 485 1077 purgare
507 997 633 1068 uellent,
655 1006 690 1057 ut
711 997 868 1057 interiecto
891 995 1005 1058 Punico
1028 994 1176 1074 praesidio
1199 997 1289 1057 resti-

169 1095 183 1143 r
205 1091 325 1143 tuerent
339 1082 481 1143 Romanis
501 1101 543 1143 se.
580 1082 653 1142 baec
674 1116 716 1127 -
739 1099 796 1142 nec
819 1081 897 1142 enim
921 1080 1036 1141 occulta
1058 1079 1225 1159 agebantur
1247 1116 1289 1125 -
1311 1091 1337 1140 to

206 1186 274 1229 oum
290 1168 380 1229 relata
396 1165 553 1245 Hannibali
568 1174 678 1239 essent,
701 1166 797 1245 primo
817 1166 904 1238 misit,
927 1166 978 1244 qui
996 1174 1141 1226 uocarent
1154 1165 1288 1246 blagium

205 1253 241 1313 ad
264 1272 328 1314 sese
349 1253 379 1313 in
397 1260 506 1325 castra;
528 1252 645 1322 deinde,
668 1268 736 1312 cnm
752 1251 776 1313 is
799 1251 938 1312 ferociter
960 1258 1096 1329 negasset
1116 1269 1149 1312 se
1165 1251 1288 1320 iturum,

205 1356 262 1398 nec
285 1339 365 1399 enim
387 1336 546 1399 Hannibali
567 1337 613 1398 ius
635 1355 700 1398 esse
722 1335 753 1396 in
777 1336 872 1396 ciuem
897 1334 1095 1414 Campanum,
1118 1334 1289 1396 concitatus

204 1422 249 1483 ira
272 1423 390 1484 Poenus
412 1421 616 1501 conprehendi
638 1421 789 1482 hominem
808 1421 1004 1500 uinctumque
1026 1419 1140 1481 adtrahi
1161 1421 1199 1481 ad
1221 1438 1288 1482 sese
1361 1428 1362 1479 t

166 1507 296 1569 tiussit.
341 1508 454 1568 ueritus
477 1505 598 1579 deinde,
628 1524 666 1567 ne
689 1506 760 1585 quid
781 1506 862 1566 inter
883 1505 944 1567 uim
970 1504 1114 1566 tumultus
1137 1516 1228 1584 atque
1251 1524 1289 1566 ex
1313 1516 1338 1565 11

204 1592 404 1653 concitatione
416 1592 583 1653 animorum
595 1590 758 1651 inconsulti
769 1590 939 1652 certaminis
950 1599 1096 1663 oreretur,
1111 1590 1187 1670 ipse,
1200 1607 1288 1669 prae·
1361 1614 1362 1649 t

203 1677 294 1737 misso
310 1677 417 1737 nuntio
432 1677 467 1737 ad
483 1676 608 1737 hiarium
621 1674 768 1736 Hlossium
779 1684 948 1755 praetorem
963 1674 1147 1754 Campanum
1162 1684 1287 1754 postero
1361 1658 1362 1689 ¹

203 1762 251 1821 die
266 1780 299 1821 se
314 1761 430 1840 Capuae
444 1762 588 1836 loturum,
610 1760 810 1840 proficiscitur
825 1780 840 1820 e
856 1760 960 1822 castris
981 1778 1048 1821 oum
1065 1760 1183 1821 modico
1198 1778 1288 1839 prae·

165 1846 287 1908 esidio.
338 1845 448 1907 blarius
477 1846 619 1907 contione
647 1846 789 1907 aduocata
818 1844 921 1919 edicit,
951 1854 984 1906 ut
1011 1846 1185 1923 trequentes
1215 1862 1288 1906 cum
1361 1842 1362 1863 ¹

203 1930 381 2008 coniugibus
409 1949 443 1991 ac
471 1930 571 1991 liberis
600 1930 718 1992 obuiam
747 1931 827 1991 irent
849 1929 1016 1991 Hannibali.
1067 1930 1104 1990 ab
1133 1929 1289 1993 uniuersis
1312 1940 1339 1989 11

202 2014 232 2075 id
250 2034 311 2076 non
328 2015 520 2077 oboedienter
534 2015 623 2076 modo
638 2014 690 2076 sed
706 2016 801 2087 enixe,
823 2014 926 2076 fauore
941 2014 1027 2075 etiam
1045 2014 1124 2093 uolgi
1140 2025 1171 2075 ct
1185 2015 1287 2076 studio

151 2109 180 2162 to
200 2099 317 2162 uisendi
333 2109 377 2163 tot
389 2101 448 2162 iam
462 2101 596 2164 uictoriis
610 2099 721 2162 clarum
734 2100 952 2180 imperatorem,
969 2100 1078 2161 factum
1090 2108 1142 2162 est.
1173 2099 1287 2163 Decius

202 2186 315 2266 Magius
337 2206 393 2249 nec
415 2187 535 2248 obuiam
551 2204 688 2266 egressus
711 2195 755 2248 est
777 2204 843 2258 neo,
867 2203 927 2264 quo
942 2186 1079 2246 timorem
1100 2185 1232 2264 aliquem
1248 2205 1287 2247 ex

202 2273 385 2334 conscientia
407 2271 575 2351 significare
596 2281 712 2351 posset,
734 2272 851 2351 priuato
874 2289 906 2332 se
928 2271 1041 2332 tenuit:
1068 2270 1098 2332 in
1121 2271 1190 2330 loro
1212 2289 1284 2332 cnm

201 2357 261 2417 tilio
292 2357 512 2437 clientibusque
543 2357 645 2436 paucis
675 2352 770 2418 otiose
798 2355 992 2416 inambulauit
1019 2354 1188 2434 trepidante
1220 2365 1285 2418 tota
1309 2365 1337 2415 25

149 2449 178 2502 11
200 2442 320 2503 ciuitate
341 2443 376 2503 ad
400 2442 606 2523 excipiendum
628 2440 763 2503 Poenum
789 2440 1015 2520 uisendumque.
1059 2440 1211 2502 Hannibal
1234 2441 1283 2502 in-

200 2543 321 2604 gressus
341 2527 446 2588 urbem
462 2534 597 2589 senatum
620 2526 767 2605 extemplo
783 2525 920 2604 postulat,
943 2525 1196 2605 precantibusque
1211 2525 1285 2588 inde

198 2611 382 2691 primoribus
403 2612 636 2691 Campanorum,
665 2631 704 2672 ne
732 2611 801 2690 quid
831 2629 866 2670 eo
895 2611 941 2671 die
969 2611 1063 2671 seriae
1091 2610 1134 2671 rei
1162 2619 1284 2690 gereret

201 2696 338 2775 diemque
360 2705 390 2756 et
405 2697 468 2776 ipse
489 2698 620 2758 aduentu
635 2714 689 2757 suo
705 2697 812 2758 testum
835 2695 929 2756 laetus
942 2713 977 2756 ac
992 2694 1091 2756 libens
1104 2695 1284 2770 celebraret,

150 2788 179 2840 tt
200 2797 379 2858 quamquam
401 2799 545 2860 praeceps
566 2781 688 2860 ingenio
711 2781 741 2841 in
765 2781 838 2842 iram
860 2788 931 2854 erat,
956 2789 1066 2854 tamem
1093 2782 1228 2860 nequid
1253 2783 1283 2843 in
1308 2791 1336 2840 m

198 2864 348 2944 principio
363 2874 492 2944 negaret,
508 2865 629 2927 uisenda
642 2865 716 2927 urbe
731 2882 868 2944 magnam
885 2873 998 2944 partem
1013 2865 1071 2926 diei
1083 2868 1283 2946 consumpsit.

165 2956 184 3011 e
287 2950 469 3012 Deuersatus
488 2961 534 3012 est
553 2961 625 3031 aput
639 2950 765 3012 Ninnios
780 2950 906 3022 Celeres,
928 2950 1084 3011 Sthenium
1099 2950 1283 3013 Pacuuium-

162 3044 273 3112 tque‚
296 3035 424 3096 inclutos
446 3036 598 3097 nobilitate
620 3053 655 3095 ao
677 3034 796 3096 diuitiis.
833 3053 868 3096 eo
892 3035 1039 3096 Pacuuius
1062 3034 1213 3110 Calauius,
1245 3039 1282 3097 de

199 3136 259 3198 quo
274 3129 342 3181 ante
357 3121 469 3182 dictum
491 3129 545 3194 est,
569 3121 711 3200 princeps
726 3119 861 3181 factionis
877 3120 949 3194 eius,
973 3137 1049 3198 quae
1070 3129 1201 3182 traxerat
1216 3139 1281 3182 rena

196 3342 276 3388 eunte
293 3338 461 3402 Heusingoro
479 3336 558 3388 Cobet
576 3335 671 3387 Meam.
687 3337 720 3389 10
731 3336 823 3408 (1882)
837 3337 886 3389 105
914 3337 1059 3403 expirarent
1076 3337 1146 3403 ΡΙΙθ
1166 3353 1215 3390 nec
1235 3341 1260 3390 P

198 3405 355 3458 escotum
380 3404 516 3469 socisP¹l
531 3408 562 3458 10
580 3404 680 3456 occulta
696 3405 723 3469 P,
741 3402 777 3465 cs.
790 3405 832 3470 25,
846 3403 917 3469 2e,6
944 3403 1102 3472 occultegll
1118 3409 1149 3458 15
1169 3408 1262 3473 quitP

199 3475 230 3525 17
248 3472 359 3526 blesium
372 3472 413 3541 Pl
429 3475 459 3527 ta
478 3487 492 3524 e
505 3477 526 3535 ς
552 3473 637 3539 11qu
651 3475 682 3526 19
702 3473 846 3524 contionem
861 3471 902 3540 ΡΙΙ
916 3475 947 3527 tt
967 3473 1057 3524 enixae
1070 3473 1112 3539 ΡΙΙ
1126 3475 1158 3526 ll
1177 3475 1278 3541 priuato

199 3541 281 3592 Gron.
308 3541 429 3620 priuatim
446 3542 470 3592 P
492 3541 518 3591 in
536 3541 637 3606 priuato
656 3541 785 3606 Zingerle
802 3541 812 3607 ΙΙ
833 3543 865 3594 25
883 3539 1053 3592 inambulauit
1074 3543 1119 3592 nol
1136 3541 1279 3594 inambula-

197 3606 281 3669 batg
313 3606 550 3674 inambulabitPl
572 3611 604 3660 27
628 3608 834 3674 praecentibusq.
853 3608 903 3674 Pil
926 3610 959 3661 28
976 3607 1075 3675 qnidg
1105 3607 1168 3676 quid
1186 3609 1214 3661 id
1233 3611 1279 3676 ΡΙ
1361 3617 1362 3652 l

198 3673 281 3724 seriae
298 3675 335 3725 rei
353 3673 459 3723 Medius
485 3677 550 3725 serei
568 3676 605 3726 rei
623 3676 655 3726 11¹
682 3675 861 3743 rerieP'lltb
879 3680 905 3727 et
919 3674 1019 3726 &utor
1044 3678 1108 3728 ntP
1127 3681 1195 3730 utet
1209 3681 1277 3729 conl*
1361 3684 1362 3724 1

199 3739 367 3858 mm
380 3741 413 3871 {⁰
427 3741 537 3805 ingenuo
549 3743 589 3806 1²¹,
603 3758 672 3793 corr.
685 3742 720 3793 P'
732 3742 741 3808 ΙΙ
755 3745 785 3796 31
800 3742 907 3794 uisenda
919 3759 954 3794 oc
966 3743 1087 3795 cuisenda
1100 3744 1131 3795 1²¹
1144 3745 1226 3808 lnrhe
1237 3745 1278 3812 Pl
1361 3756 1362 3779 1

320 3823 336 3858 o
