2734 4250
111 167 239 214 scaena
488 152 581 207 11111111
599 153 695 220 11111111,
712 157 812 209 12-41
1127 153 1189 215 235

107 323 242 406 principe
258 325 367 387 amisso
389 325 468 399 lecit,
491 337 631 406 metuque
649 344 750 388 rerum
766 343 912 387 nouarum
928 327 1075 407 extemplo
1091 330 1189 391 nuntii

107 410 141 470 ad
158 407 355 472 Hannibalem
367 410 458 472 missi.
496 411 603 490 quibus
619 429 807 492 nequaquam
823 411 955 473 offensus
969 412 1098 485 Poenus,
1121 415 1189 494 quia
1211 426 1241 477 12
1315 418 1319 427 “

107 503 136 555 21
151 495 249 574 ipsum
263 499 298 555 ut
308 493 462 574 ambiguae
477 495 545 557 lidei
560 497 659 558 uirum
673 505 844 578 suspectum
857 498 915 559 iam
930 495 1044 576 pridem
1061 497 1188 561 babebat

108 590 138 641 et
152 597 270 640 causam
293 589 398 642 nactus
420 588 482 641 erat
503 590 562 642 tam
585 582 653 643 ditis
672 583 802 644 bominis
824 581 902 644 bona
918 582 1089 662 possidendi
1111 602 1189 646 uen-

70 675 85 724 1
106 663 271 743 dandique3
295 673 426 727 ceterum
449 674 483 726 ut
505 666 566 727 irae
588 667 680 746 magis
699 684 786 747 quam
809 667 948 729 auaritiae
969 667 1069 730 datum
1084 671 1189 731 crede·
1210 681 1238 732 12

106 758 176 810 rent
190 749 337 825 homines,
353 750 554 813 crudelitatem
569 769 689 832 quoque
701 753 833 815 auiditati
844 752 954 814 addidit
969 754 1188 834 coniugemque
1208 766 1238 816 11

106 835 171 896 eius
186 851 220 895 ac
234 833 345 897 bberos
360 836 389 897 iu
405 845 500 898 castra
515 837 633 912 accitos,
656 839 829 916 quaestione
844 837 928 918 prius
942 835 1041 900 babila
1056 839 1184 918 primum

105 919 235 998 defuga
259 920 365 992 111121,
393 920 461 982 dein
492 931 636 1000 quantum
662 923 725 984 auri
751 923 925 1002 argentique
948 923 1027 984 domi
1049 925 1183 986 relictum

106 1013 194 1077 esset,
217 1005 287 1066 satis
310 1006 435 1084 cognitis
458 1005 596 1068 omnibus
617 1008 705 1069 uiuos
728 1007 898 1070 combussit.

54 1097 82 1148 tu
190 1088 298 1151 Fabius
326 1089 363 1151 ab
385 1090 523 1152 Suessula
546 1093 699 1172 proiectus
720 1093 816 1173 Arpos
843 1092 972 1172 primum
1000 1092 1108 1154 institit
1129 1113 1183 1174 op·
1197 1099 1234 1156 46

102 1189 250 1254 pugnare.
287 1174 339 1236 ubi
360 1193 429 1237 cum
444 1194 461 1236 a
477 1176 649 1256 quingentis
671 1177 733 1239 lere
753 1176 889 1258 passibus
910 1188 1004 1239 castra
1026 1179 1183 1257 posuisset,

103 1259 324 1339 contemplatus
346 1279 381 1322 ex
399 1261 570 1341 propinquo
592 1262 681 1323 situm
704 1263 787 1324 urbis
808 1261 994 1341 moeniaque,
1017 1281 1092 1341 quae
1115 1281 1184 1342 pars

102 1344 248 1406 tutissima
272 1344 429 1408 moenibus
444 1354 517 1420 erat,
539 1347 607 1426 quia
622 1347 748 1409 maxime
767 1348 929 1409 neclectam
953 1347 1084 1410 custodia
1099 1348 1183 1420 uidit,

102 1447 136 1490 ea
160 1429 346 1509 potissimum
369 1430 488 1510 adgredi
510 1432 623 1493 statuit.
667 1433 846 1513 comparatis
868 1431 1020 1507 omnibus,
1050 1450 1126 1512 quae
1148 1433 1183 1493 ad
1206 1443 1221 1494 2

53 1519 79 1571 11
100 1513 192 1576 urbes
209 1516 422 1594 oppugnandas
437 1517 504 1578 usui
519 1526 599 1593 sunt,
619 1518 831 1578 centurionum
845 1516 953 1579 robora
969 1535 1005 1578 er
1020 1525 1083 1578 toto
1098 1535 1182 1579 exer·

100 1601 162 1660 citu
193 1600 302 1679 delegit
326 1599 521 1679 tribunosque
549 1602 632 1663 uiros
660 1604 752 1664 lortes
780 1602 822 1663 eis
852 1602 992 1682 praelecit
1019 1611 1049 1663 et
1077 1602 1182 1665 milites

99 1691 264 1758 sescentos,
279 1693 425 1763 quantum
440 1686 509 1748 satis
525 1687 622 1748 uisum
638 1697 692 1760 est,
709 1687 842 1749 attribuit
857 1705 978 1766 eosque,
993 1686 1046 1748 ubi
1060 1697 1182 1766 quartae

99 1769 220 1848 uigiliae
242 1769 359 1850 signum
389 1770 559 1845 cecinisset,
586 1772 622 1832 ad
651 1789 719 1833 eum
747 1771 847 1833 locum
873 1773 967 1834 scalas
988 1772 1073 1834 iussit
1093 1773 1181 1834 ferra.

99 1863 185 1934 porta
210 1851 251 1914 ibi
273 1854 391 1916 humilis
414 1864 443 1916 et
462 1865 584 1934 angusta
607 1866 671 1918 erat
692 1857 875 1936 infrequenti
897 1858 944 1919 uia
968 1875 1021 1939 per
1036 1856 1182 1920 desertam
1204 1868 1218 1918 a

51 1943 79 1996 211
97 1949 216 2020 partem
239 1939 330 2000 urbis.
378 1959 443 2001 earn
465 1949 581 2020 portam
609 1941 695 2004 scalis
722 1943 806 2021 prins
834 1951 1037 2022 transgressos
1061 1960 1180 2004 murum

98 2025 217 2105 aperire
240 2043 275 2085 ex
298 2024 438 2086 interiore
460 2035 543 2104 parte
571 2036 621 2087 aut
644 2027 769 2089 claustra
795 2027 958 2106 refringere
980 2027 1063 2088 iubet
1085 2035 1115 2088 et
1135 2037 1180 2090 te·

97 2117 208 2173 nentes
237 2117 351 2190 partem
380 2109 462 2172 urbis
491 2129 586 2173 cornu
609 2111 728 2191 signum
757 2113 842 2187 dare,
871 2121 905 2173 ut
934 2120 1049 2174 ceterae
1077 2113 1180 2193 copiae

4 2216 5 2267 f
95 2195 346 2257 admouerentur:
376 2204 476 2275 parata
507 2197 604 2257 omnia
634 2206 723 2276 atque
745 2197 890 2260 instructa
912 2216 977 2259 sese
998 2197 1179 2259 babituram.

3 2308 4 2359 q
96 2298 131 2341 ea
155 2280 274 2360 inpigre
297 2281 388 2356 lacta;
412 2289 443 2341 et
464 2280 543 2360 quod
566 2281 811 2362 impedimentum
834 2281 990 2362 agentibus
1011 2284 1075 2343 lore
1098 2282 1180 2343 uide·
1201 2293 1217 2343 4

3 2364 4 2373 ’
47 2372 73 2422 21
95 2364 195 2437 batur,
218 2366 247 2427 id
269 2365 395 2426 maxime
418 2366 451 2426 ad
468 2366 628 2428 fallendum
651 2367 773 2429 adiuuit.
811 2368 907 2428 imber
928 2366 964 2428 ab
980 2376 1069 2428 nocte
1084 2367 1179 2428 media

96 2458 221 2511 coortus
243 2450 382 2512 custodes
403 2450 567 2530 uigilesque
590 2451 750 2531 dilapsose
767 2450 945 2513 stationibus
966 2451 1125 2531 sublegere
1146 2452 1178 2513 in

95 2543 174 2595 tecta
204 2536 318 2614 coegit,
354 2535 529 2614 sonitusque
558 2537 654 2615 primo
681 2537 817 2617 largioris
845 2536 993 2616 procellae
1022 2536 1215 2617 strepitumo

94 2619 285 2681 molientium
314 2630 429 2699 portam
458 2621 589 2682 exaudiri
610 2621 776 2701 prohibuit,
804 2622 914 2683 lentior
940 2622 1047 2683 deinde
1069 2637 1177 2701 aequa·

94 2705 216 2784 liorque
246 2704 383 2767 accidens
414 2705 535 2767 auribus
565 2723 702 2786 magnam
731 2716 845 2786 partem
875 2707 1030 2770 bominum
1058 2706 1177 2786 sopiuit.

45 2797 73 2848 tt
93 2798 254 2869 postquam
270 2798 387 2869 portam
402 2790 554 2865 tenebant,
576 2792 745 2853 cornicines
766 2792 797 2852 in
814 2793 862 2853 uia
878 2791 999 2872 paribus
1014 2791 1179 2853 interuallis
1199 2802 1214 2851 θ

94 2875 257 2954 dispositos
279 2891 387 2936 canere
408 2875 521 2950 iubent,
545 2884 578 2936 ut
595 2877 748 2939 consulem
771 2880 913 2938 excirent.
950 2877 979 2938 id
1001 2875 1052 2938 ubi
1069 2878 1177 2938 lactum
1200 2886 1215 2936 t

95 2978 131 3021 ex
149 2960 316 3039 composito
332 2969 386 3033 est,
409 2961 492 3040 signa
512 2961 611 3022 ellerri
626 2962 732 3023 consul
747 2962 830 3023 iubet
844 2981 878 3024 ac
894 2962 982 3042 paulo
996 2971 1066 3023 ante
1080 2962 1177 3023 lucem

95 3062 152 3124 per
178 3045 330 3106 effractam
361 3055 475 3124 portam
498 3046 603 3106 urbem
631 3046 807 3126 ingreditur.
850 3056 913 3108 tum
936 3048 1053 3108 demum
1076 3047 1177 3108 hostes
1193 3050 1229 3106 4⁷

182 3212 198 3263 2
217 3208 249 3261 ad
269 3210 431 3264 hannibalem
449 3218 482 3278 ς,
504 3227 554 3264 one
574 3211 620 3280 ΡΙΙ
638 3216 653 3265 3
672 3218 699 3264 et
718 3219 738 3277 ς
772 3217 801 3264 nt
819 3215 843 3264 P
860 3213 870 3280 fl
888 3214 972 3279 ipsum
990 3214 1015 3263 P
1044 3212 1100 3281 ipse
1118 3228 1177 3265 eum

95 3276 227 3329 1112222221
240 3277 251 3345 l
264 3280 280 3331 6
299 3278 414 3331 auiditati
431 3278 524 3331 Stroth
551 3282 702 3346 grauitatem
715 3282 739 3331 Ρ
762 3280 794 3332 21
812 3282 960 3333 auiditatem
973 3282 1079 3332 Harant
1104 3295 1177 3348 rapa-

96 3347 166 3397 citati
187 3346 271 3398 0222.
291 3346 300 3412 l
318 3349 333 3399 'l
351 3346 455 3399 babilae
472 3350 496 3399 Ρ
513 3347 523 3415 ΙΙ
540 3350 555 3400 8
574 3348 654 3400 altinii
681 3348 739 3399 dein
760 3348 843 3400 Gran.
872 3346 992 3400 aliindein
1011 3349 1043 3399 Ρι
1072 3348 1176 3401 aliunde

96 3414 121 3465 io
140 3412 195 3482 Pq
212 3418 243 3466 tc
261 3415 364 3467 suessul
383 3416 421 3479 P¹,
440 3430 510 3467 corr.
523 3415 557 3467 Ρι
569 3414 580 3480 ΙΙ
591 3430 665 3482 orpes
678 3416 719 3481 ΡΙ
735 3420 764 3468 11
784 3431 798 3467 2
818 3416 965 3483 quingentis
979 3416 1062 3467 Gron.
1085 3415 1117 3467 ad
1135 3415 1176 3484 ΡΠ

97 3482 128 3535 12
145 3482 370 3550 moeniaquaeqne
382 3483 406 3533 P
420 3484 424 3550 Ι
439 3485 470 3537 11
489 3498 543 3535 eom
559 3482 599 3551 ςΙΙ
615 3486 645 3536 15
664 3484 758 3536 rubora
771 3483 812 3551 Pl
826 3485 858 3537 td
873 3482 966 3535 deiecit
978 3484 1020 3548 1²¹,
1037 3498 1107 3536 corr.
1121 3484 1175 3552 Pl

97 3552 128 3603 18
146 3548 300 3603 cecinisseid
319 3550 350 3601 ad
368 3551 392 3602 P
439 3550 515 3603 iussit
532 3551 567 3602 Ρ2
601 3552 677 3603 tussit
695 3553 727 3604 Ρ1
748 3551 758 3618 l
780 3554 813 3605 20
832 3566 929 3603 morum
951 3552 1049 3619 aperire
1069 3551 1176 3605 ortator

96 3632 208 3671 amorum
222 3618 307 3685 perire
321 3618 353 3669 Ρ1
370 3633 484 3671 amorum
496 3633 603 3686 pergere
616 3618 650 3671 P
663 3620 671 3683 ΙΙ
684 3622 717 3672 22
730 3624 830 3672 ceurae
844 3624 865 3682 ς
886 3634 974 3685 gerere
986 3618 1028 3688 ΡΙ
1042 3622 1074 3673 23
1087 3634 1146 3673 sese
1158 3625 1178 3685 ς

96 3700 152 3737 esse
169 3686 261 3755 Ρ121
278 3684 334 3753 inpl
367 3700 397 3738 oe
413 3687 502 3753 ΡΙ211
520 3685 640 3753 delapsos
659 3688 746 3754 ΡΙ21
766 3688 954 3754 2221122222ς
980 3689 1117 3755 sonituque
1134 3689 1158 3738 Ρ

96 3754 128 3805 bl
144 3754 296 3807 molentium
308 3699 495 3821 Pbbeqnalior
515 3769 563 3806 ose
575 3755 617 3823 Pl
630 3756 662 3808 29
675 3755 795 3808 accidens
810 3755 892 3807 Frob.
905 3756 972 3808 1531
999 3756 1160 3809 accedensP

97 3823 127 3874 31
147 3821 296 3890 disposieos
315 3822 355 3884 1²¹,
373 3838 443 3874 corr.
461 3770 517 3893 Pb
530 3822 556 3874 id
574 3827 593 3887 ς
618 3829 645 3875 21
662 3823 687 3873 P
