2734 4250
101 202 120 233 a,
133 191 181 235 cu.
195 192 235 235 eso
506 174 601 228 tffluu
617 174 706 239 xxvi,
724 178 756 229 33
1137 180 1177 239 39

99 348 188 429 lisper
209 346 389 423 dubitatum,
411 367 448 410 au
472 348 668 411 arcessendus
689 347 820 429 aCapua
838 348 874 421 Q.
890 348 1013 414 Fuluius
1035 362 1114 415 esset
1136 388 1177 399 -

100 442 234 495 mortuus
256 434 338 495 enim
362 444 430 514 post
450 445 567 514 captam
582 434 720 496 Claudius
743 434 846 496 consul
870 445 932 497 erat
948 470 999 512 -,
1022 446 1055 498 ut
1076 456 1175 499 coram

100 519 286 599 imperatore,
311 519 364 599 qui
384 538 434 581 res
455 519 604 598 gessisset,
626 519 703 581 sicut
717 520 797 581 inter
812 518 983 583 llaroellum
999 522 1175 603 Siculosque

101 603 293 684 disceptatum
309 605 413 678 luerat,
429 604 653 685 disceptaretur.
690 604 757 666 dein
773 623 843 667 cum
857 605 895 666 bl.
912 607 1041 681 Atilium,
1057 607 1089 670 C.
1105 608 1174 672 Ful·
1196 622 1212 671 a

67 688 181 750 auium
203 690 325 750 tratrem
340 689 447 763 Flacci,
469 690 582 768 legatos
604 690 676 765 cius,
700 701 730 751 et
752 690 788 762 0.
804 690 966 753 blinucium
990 701 1019 754 et
1034 692 1067 753 L.
1084 692 1174 756 Vetu-

101 774 179 835 rium
201 773 371 847 Philonem,
400 775 470 836 item
493 774 604 836 Claudii
633 775 761 853 legatos,
791 776 841 855 qui
869 776 1007 839 omnibus
1036 780 1175 858 gerendis

97 858 187 921 rebus
208 858 380 933 adlueraut,
409 860 440 921 iu
462 867 568 922 senatu
593 859 731 922 uiderent
760 879 815 922 uec
839 860 977 923 Fuluium
1008 866 1126 926 auocari
1158 884 1173 927 a

98 945 197 1023 Capua
220 963 277 1005 nec
298 944 409 1006 differri
432 944 598 1025 Campanos
619 945 747 1019 uellent,
773 946 973 1024 iuterrogatus
995 950 1173 1012 senteutiam
1196 962 1212 1012 a

5 1101 6 1106 γ
98 1030 135 1091 bl.
153 1029 261 1091 Atilius
283 1029 424 1109 Regulus,
446 1030 531 1091 cuius
552 1048 589 1091 ex
610 1030 656 1104 iis,
678 1031 730 1110 qui
752 1030 788 1092 ad
810 1030 939 1111 Capuam
961 1033 1089 1108 luerent,
1111 1054 1173 1097 ma·

50 1123 77 1173 tu
97 1116 174 1176 rima
195 1115 357 1177 auctoritas
377 1124 457 1189 erat,
482 1108 530 1176 ‘ln
554 1111 687 1177 consilio’
712 1116 811 1195 inquit
836 1109 979 1179 ‘arbitror
1008 1136 1056 1179 me
1084 1120 1211 1184 luisset

4 1135 7 1286 i
99 1199 272 1262 consulibus
292 1199 393 1280 Capua
413 1210 500 1282 capta
522 1218 590 1262 cum
613 1209 823 1279 quaereretur,
846 1203 933 1281 ecqui
956 1202 1174 1283 Campanorum

5 1287 6 1318 l
97 1286 175 1347 bena
196 1284 323 1347 meritus
344 1285 380 1346 de
402 1304 434 1346 re
456 1285 575 1365 publica
598 1295 700 1347 nostra
723 1294 809 1348 esset.
845 1285 918 1349 duas
939 1287 1078 1351 mulieres
1101 1309 1174 1353 cou-
1196 1301 1211 1353 Β

96 1380 217 1451 portum
239 1379 297 1444 est,
320 1369 447 1432 Vestiam
469 1370 595 1451 Oppiam
618 1370 781 1432 Atellanam
804 1370 920 1452 Capuae
941 1371 1123 1435 habitantem
1145 1386 1175 1438 et

97 1455 237 1517 Paculam
260 1454 409 1529 Cluuiam,
439 1473 514 1534 quae
536 1456 687 1537 quondam
709 1466 862 1536 quaestum
889 1475 1016 1538 corpore
1044 1459 1172 1535 lecisset,

49 1548 77 1599 tt
96 1540 175 1602 illam
198 1540 308 1601 cotidie
328 1542 507 1602 sacriticasse
530 1560 585 1621 pro
606 1541 700 1603 saltus
722 1551 752 1603 et
773 1541 897 1603 uictoria
918 1544 1020 1624 populi
1036 1544 1172 1623 Romani,

97 1626 173 1687 banc
192 1625 320 1705 captiuis
335 1625 491 1705 egentibus
505 1626 644 1688 alimenta
667 1626 743 1687 clam
764 1626 983 1707 suppeditasse3
1005 1638 1173 1692 ceterorum
1195 1641 1210 1692 9

96 1711 231 1771 omnium
254 1709 473 1789 Campanorum
501 1710 629 1772 cundem
658 1730 727 1792 erga
753 1731 808 1773 nos
835 1711 966 1775 animum
990 1732 1078 1793 quem
1101 1715 1172 1778 Car·

95 1795 328 1876 tbeginieueium
343 1796 443 1870 fuisse,
459 1797 617 1875 securique
632 1815 791 1876 percussos
806 1796 870 1869 aQ.
881 1796 987 1861 Fuluio
1002 1817 1067 1861 esse
1079 1803 1171 1882 magis

95 1898 228 1959 quorum
254 1880 383 1959 dignitas
411 1881 490 1942 iuter
518 1882 590 1944 alios
619 1900 707 1961 quam
738 1900 865 1963 quorum
895 1883 983 1965 eulpa
1013 1885 1171 1949 eminebat.

46 1974 74 2025 tt
93 1984 149 2045 per
166 1973 305 2027 senatum
326 1965 374 2045 agi
396 1965 433 2027 de
448 1966 616 2046 Campanis,
638 1968 690 2047 qui
710 1968 791 2029 ciues
806 1968 931 2030 Romani
954 1979 1034 2043 suut,
1057 1970 1170 2034 iniussu
1196 1981 1224 2033 10

95 2051 200 2132 populi
228 2068 290 2111 uon
312 2050 400 2112 uideo
423 2070 525 2132 posse,
553 2052 644 2133 idque
672 2062 703 2113 et
731 2054 808 2134 apud
838 2054 964 2116 maiores
992 2068 1112 2118 nostros
1140 2058 1171 2118 iu

94 2136 259 2198 Satricanus
279 2138 388 2199 lactum
411 2155 491 2211 esse,
520 2155 589 2199 cum
614 2139 807 2212 deiecissent,
837 2149 871 2201 ut
892 2139 929 2200 ll.
952 2141 1097 2204 Antistius
1118 2143 1172 2204 tri-

93 2220 195 2284 buens
219 2220 314 2300 plebis
335 2222 418 2301 prius
439 2223 625 2300 rogationem
646 2224 752 2297 ierrat,
780 2223 981 2304 scisceretque
1004 2225 1101 2305 plebs,
1129 2228 1171 2290 uti

92 2307 212 2369 senatui
229 2305 266 2367 de
280 2305 441 2368 Satricanis
456 2308 621 2368 sententiae
636 2308 778 2370 dicendae
800 2308 846 2370 ius
862 2320 948 2371 esset.
986 2311 1085 2390 itaque
1099 2329 1171 2373 ceu·
1194 2321 1223 2373 tt

45 2401 73 2451 aa
91 2411 144 2454 seo
160 2409 232 2454 eum
248 2391 377 2454 tribunis
392 2392 486 2472 plebis
500 2392 648 2472 agendum
663 2411 737 2466 esse,
759 2401 794 2456 ut
810 2412 912 2455 eorum
932 2413 1010 2458 uuus
1031 2396 1171 2475 pluresue

93 2479 283 2557 rogationem
298 2478 395 2538 lerant
409 2477 445 2538 ad
460 2476 588 2557 plebem,
611 2497 668 2558 qua
685 2477 772 2540 nobis
792 2479 940 2541 statuendi
963 2480 999 2542 de
1014 2479 1171 2561 Campanis

93 2562 140 2624 ius
168 2558 243 2624 llat'
295 2561 329 2622 L.
352 2562 457 2624 Atilius
485 2562 624 2625 tribunus
651 2563 746 2644 plebis
778 2581 814 2625 en
843 2565 1017 2626 auctoritate
1050 2577 1170 2630 senatus
1196 2575 1224 2628 tt

94 2647 215 2727 plebem
243 2647 275 2708 in
304 2646 376 2708 haec
403 2646 497 2708 uerba
529 2648 659 2728 rogauit:
690 2642 822 2710 ‘Omnes
850 2648 1008 2729 Campani,
1035 2652 1169 2728 Atellani,

93 2731 230 2806 Calatini,
253 2730 395 2806 Sabatini,
421 2732 472 2811 qui
494 2751 527 2794 ee
548 2733 726 2795 dediderunt
746 2734 777 2795 in
794 2733 948 2796 arbitrium
963 2735 1170 2818 dicionemque

43 2826 73 2877 ⁸⁰
92 2818 197 2965 liiii
213 2816 733 2966 '‘tltlldttttttttl’
757 2837 979 2968 illidii
995 2823 1170 2970 talla
1193 2831 1222 2882 ¹³

94 2919 529 3067 bumanaqlue,qutensiliaque
558 2988 621 3050 siue
651 2950 734 3068 quid,
750 2923 827 3050 aliud
851 2925 1048 3065 dedideruiua'
1070 2991 1107 3052 de
1135 2993 1171 3055 iis

161 3174 178 3226 2
196 3169 291 3224 consul
308 3175 364 3224 erat
381 3175 401 3236 ς
417 3172 564 3225 consuleret
576 3175 599 3224 Ρ
609 3171 619 3239 Ι
629 3178 659 3225 ut
671 3176 698 3238 ς,
716 3187 766 3227 om.
780 3172 822 3240 Ρη
834 3174 850 3225 3
863 3173 1028 3240 impetratore
1042 3175 1080 3238 ΡΙ,
1099 3192 1169 3228 corr.

94 3241 177 3308 1³15
196 3241 291 3292 tratres
309 3240 334 3290 Ρ
348 3239 385 3306 Μ
403 3240 537 3292 abluerant
554 3243 579 3292 P
592 3241 705 3304 lseuetu
722 3241 747 3292 Ρ
762 3239 799 3308 HS
816 3241 896 3293 uellet
912 3242 937 3292 P
949 3242 988 3308 19
1006 3243 1106 3294 reculae
1124 3243 1170 3310 ΡΙΙ

95 3313 126 3362 lb
143 3307 238 3377 inquid
256 3307 299 3374 ΡΙ
311 3311 342 3360 12
362 3315 511 3374 quereretur
528 3307 573 3390 ΡΙ
584 3309 642 3376 equi
660 3310 702 3374 Pp
717 3311 749 3362 te
767 3309 883 3375 peculatu
899 3307 1044 3360 Monaesen
1059 3309 1168 3363 Uetertt.

92 3377 165 3429 illel.
180 3393 210 3443 p.
228 3374 283 3428 284
300 3375 428 3428 lanculem
444 3378 469 3429 P
489 3375 583 3438 (cluere
602 3375 685 3428 lecule
703 3377 764 3428 Vel.
783 3377 857 3430 liae.
876 3376 965 3442 5,2,1)
978 3379 988 3442 l
1000 3376 1111 3444 quodem
1128 3380 1171 3440 ΡΙΙ

94 3449 125 3498 ll
143 3443 396 3511 eeptbeginienaium
414 3443 456 3506 Ρ1,
478 3460 548 3497 corr.
572 3443 627 3511 ΡΙ
642 3447 672 3499 ts
692 3444 774 3497 luluio
796 3459 853 3497 esse
879 3443 960 3498 Grec.
980 3443 1119 3506 luluilclsse
1138 3447 1170 3499 Ρι

94 3513 176 3567 leluio
200 3512 299 3563 uicisse
324 3513 379 3574 (uel
403 3513 507 3576 cuiisee)
523 3512 558 3564 1³·
573 3513 584 3580 Ι
603 3515 636 3566 22
652 3513 773 3565 aetdeuie
796 3512 890 3583 Pii.²³
904 3513 1074 3581 adeceretque
1088 3513 1169 3568 Creu.

94 3582 226 3648 sciretque
244 3579 287 3646 ΡΙ
300 3581 334 3632 tt
351 3580 471 3632 setrieuie
488 3580 530 3648 ΡΙ
543 3583 576 3636 lb
593 3581 712 3645 tribunis]
731 3581 779 3647 fei.
799 3581 829 3632 Ρ
842 3587 886 3633 ti.
899 3579 953 3648 ΡἿ
967 3583 1000 3634 30
1013 3597 1038 3648 q.
1051 3581 1170 3649 Madvig,

93 3665 144 3700 ene.
162 3648 205 3716 ΡΙ
220 3661 339 3715 quosque
361 3661 413 3699 uua
435 3663 521 3700 secum
546 3648 665 3702 dedidere
689 3664 749 3700 eum
774 3653 794 3712 ς
819 3649 869 3702 del.
894 3647 1005 3715 Madvig
1024 3649 1034 3716 ΙΙ
1050 3650 1169 3704 dedidere

92 3732 213 3784 quaeque
232 3730 285 3766 une
301 3730 389 3768 aecum
406 3715 527 3769 dedidere
545 3718 585 3775 ln,
608 3715 729 3769 dedidere
751 3732 834 3784 eaeque
851 3718 889 3770 ad
905 3732 991 3769 secura
1009 3717 1041 3770 de
1059 3719 1110 3771 del.
1127 3719 1169 3782 1²⁹,

93 3786 230 3835 deleuerat
247 3786 328 3836 etiam
346 3787 525 3850 insequentem
540 3785 673 3854 syllabam
690 3783 730 3849 di,
748 3785 794 3836 red
810 3801 905 3836 ruente
922 3788 1041 3837 restituit
1053 3784 1063 3854 ss
1075 3789 1107 3841 ³1
1126 3787 1170 3838 de-

93 3853 152 3906 niue
170 3853 195 3904 Ρ
