2734 4250
199 108 262 169 382
588 109 683 162 LIBER
700 109 777 176 XXV,
797 113 837 165 33.
850 113 884 164 34
1143 140 1195 173 Μ.
1207 140 1228 172 0,
1240 129 1285 171 542

162 296 177 345 t
198 283 243 345 sui
258 282 376 343 roboris
391 300 570 361 suarumque
588 283 709 363 proprie
724 283 833 345 uirium
849 283 880 344 in
897 283 1001 345 castris
1016 281 1154 345 babeant.
1183 285 1286 365 signis

111 393 112 396 ¹
171 371 173 374 ’
199 378 323 449 repente
334 367 457 429 sublatis
469 367 607 429 Celtiberi
621 368 743 442 abeunt,
759 369 833 430 nibil
844 368 923 429 aliud
935 368 1147 446 quaerentibus
1158 388 1283 432 causam

199 452 493 533 obtestantibusque,
520 462 554 514 ut
575 462 749 527 manerent,
777 453 918 516 Romanis
948 454 1165 534 respondentes
1187 474 1283 535 quam

161 551 177 603 8
198 539 360 602 domestico
375 558 408 600 se
429 538 548 600 auocari
570 537 658 599 bello.
697 538 807 618 Scipio,
828 547 985 618 postquam
1006 538 1078 600 socii
1102 557 1157 600 nec
1178 541 1284 619 preci-

199 624 255 687 bus
278 643 335 685 nec
350 624 381 685 ui
401 623 524 685 retineri
547 632 698 702 poterant,
721 643 777 685 nec
793 644 825 685 se
845 632 896 685 aut
917 642 1018 704 parem
1041 624 1105 685 sine
1121 624 1177 686 illis
1199 626 1286 687 hosti
1311 638 1329 688 5

200 728 265 771 esse
281 718 332 770 aot
353 709 437 770 tratri
458 726 563 770 rursus
584 708 728 789 coniungi
751 709 825 771 uidit
846 728 933 789 posse
956 728 1012 771 nec
1027 708 1120 771 ullum
1136 710 1215 771 aliud
1230 730 1283 772 sa·

199 795 294 857 lutare
318 794 475 855 consilinm
488 794 519 855 in
536 804 677 874 promptu
692 813 767 867 esse,
789 803 870 855 retro
888 804 1032 873 qnantum
1056 806 1157 875 posset
1170 795 1283 857 cedere

163 892 179 942 o
199 879 310 953 statuit,
332 879 362 939 in
384 879 412 941 id
436 880 518 941 omni
540 897 611 940 cura
633 879 777 951 intentus,
800 878 908 941 necubi
931 879 1008 941 bosti
1030 898 1125 958 aequo
1140 898 1172 941 se
1194 899 1283 942 corn·

200 965 330 1026 mitteret
351 964 431 1038 loco,
461 963 512 1043 qui
535 973 736 1044 transgressus
758 966 867 1026 llumen
891 983 986 1045 prope
1008 965 1140 1043 uestigiis
1162 964 1282 1027 abeun-

199 1050 273 1111 tium
295 1048 458 1111 insistebat.
1310 1059 1343 1111 10

148 1143 187 1200 114
286 1135 344 1195 Per
358 1134 476 1196 eosdem
492 1134 555 1196 dies
569 1134 601 1195 P.
617 1135 788 1214 Scipionem
804 1152 860 1213 par
872 1143 980 1208 terror,
1002 1134 1167 1213 periculum
1183 1135 1282 1197 maius

163 1234 177 1284 1
199 1219 236 1282 ab
259 1239 340 1281 nono
370 1220 455 1281 boste
483 1218 616 1298 urgebat.
660 1220 813 1281 Masinissa
835 1228 898 1280 erat
920 1219 1053 1292 iuuenis,
1083 1238 1119 1280 eo
1142 1229 1282 1299 tempore

200 1306 299 1368 socius
314 1304 610 1384 Carthaginiensium,
633 1324 721 1384 quem
738 1304 845 1367 deinde
861 1304 973 1365 clarum
988 1314 1201 1384 potentemque
1216 1304 1281 1367 no-

163 1404 287 1454 tmana
307 1392 378 1452 lecit
403 1390 537 1451 amicitia.
582 1390 690 1451 istum
714 1409 781 1451 cum
804 1390 937 1467 equitatu
958 1390 1150 1451 Numidarum
1173 1402 1202 1451 et
1225 1391 1281 1451 ad·

199 1476 331 1538 uenienti
355 1476 386 1536 P.
403 1475 535 1555 Scipioni
559 1475 690 1537 occurrit
707 1484 736 1536 et
758 1474 865 1537 deinde
887 1474 1007 1537 adsidue
1028 1474 1091 1536 dies
1113 1484 1282 1555 noctesque
1308 1488 1340 1538 15

162 1576 178 1625 1
199 1561 325 1639 infestus
346 1560 456 1634 aderat,
479 1569 588 1622 utnon
605 1579 697 1640 uagos
718 1568 832 1623 mnium
855 1560 961 1639 procul
975 1577 991 1620 a
1007 1560 1110 1622 castris
1131 1560 1279 1639 lignatum

200 1646 431 1726 pabulatumque
454 1663 629 1724 progressos
650 1646 817 1726 exciperet,
847 1646 899 1707 sed
921 1645 992 1725 ipsis
1019 1645 1205 1723 obequitaret
1228 1665 1280 1707 ca·

200 1731 270 1793 stris
291 1732 486 1809 inuectusque
509 1732 539 1791 in
562 1730 674 1792 medias
695 1749 783 1810 saepe
805 1732 948 1792 stationes
971 1730 1069 1792 omnia
1092 1730 1207 1809 ingenti
1228 1740 1279 1792 tn·

163 1830 178 1879 t
199 1816 295 1877 multu
317 1815 458 1877 turbaret.
502 1815 642 1877 noctibus
664 1834 784 1895 quoque
808 1833 897 1895 saepe
918 1815 1040 1877 incursu
1063 1816 1222 1895 repentino
1246 1816 1278 1876 in

200 1900 295 1980 portis
309 1900 447 1979 ualloque
470 1901 648 1980 trepidatum
666 1911 720 1975 est,
744 1919 801 1962 nec
814 1910 865 1962 ant
882 1901 966 1961 locus
980 1909 1031 1962 aut
1045 1909 1163 1980 tempus
1185 1901 1280 1962 ullum
1305 1912 1337 1963 11)

163 2001 367 2050 ouacuuma
396 1995 477 2047 metu
506 2005 540 2047 ac
568 1986 767 2048 soNicitudine
797 1995 861 2047 erat
882 1986 1040 2059 Romanis,
1071 1986 1279 2065 compulsique

201 2071 278 2134 intra
300 2071 411 2134 uallum
434 2073 570 2151 adempto
598 2089 700 2134 rerum
727 2071 860 2134 omnium
884 2090 948 2134 usu.
992 2088 1061 2134 cunt
1083 2088 1178 2151 prope
1201 2072 1279 2134 iusta

201 2157 316 2238 opsidio
338 2169 425 2231 esset,
447 2159 637 2236 futuramque
658 2157 799 2219 artiorem
822 2175 886 2218 eam
908 2166 1074 2237 appareret,
1096 2157 1121 2218 si
1141 2177 1173 2219 se
1188 2157 1277 2219 lode-

201 2243 276 2318 bilis,
302 2261 390 2322 quem
413 2261 482 2304 eum
504 2254 619 2322 septena
641 2242 760 2304 milibus
783 2253 813 2303 et
835 2241 1006 2322 quingentis
1028 2242 1275 2304 Suessetanorum

163 2341 178 2390 t
199 2329 361 2390 aduentare
383 2329 459 2390 lama
482 2336 553 2401 erat,
576 2328 684 2390 Poenis
707 2328 923 2401 coniunxisset,
947 2327 1006 2388 dux
1029 2336 1132 2389 cantus
1155 2337 1184 2388 et
1206 2346 1278 2408 pro·
1301 2339 1331 2390 15
1365 2341 1366 2344 ’

199 2414 305 2476 uidens
320 2414 420 2492 Scipio
437 2413 533 2474 uictus
556 2413 783 2474 necessitatibus
798 2413 986 2475 temerarium
1009 2411 1087 2491 capit
1108 2412 1276 2486 consilinm,

199 2509 232 2561 ut
253 2507 342 2562 nocte
357 2498 482 2562 lndebili
505 2497 623 2559 obuiam
645 2498 704 2560 iret
725 2509 764 2568 et,
787 2515 975 2576 quocumque
998 2497 1178 2558 occurrisset
1200 2498 1275 2570 loco,

163 2596 178 2646 s
200 2585 345 2664 proelium
368 2591 548 2646 consereret.
587 2583 690 2644 relicto
711 2583 801 2662 igitur
823 2583 939 2645 modico
962 2582 1110 2663 praesidio
1125 2582 1155 2644 in
1173 2584 1277 2645 castris
1364 2657 1365 2667 1

152 2689 156 2696 ·
199 2669 428 2749 praepositoque
451 2667 494 2729 Ti.
511 2667 636 2730 Fonteio
664 2669 760 2749 legato
789 2668 884 2729 media
912 2677 1001 2728 nocte
1028 2669 1180 2746 profectus
1208 2686 1274 2730 cum

163 2768 178 2818 tt
200 2753 297 2815 obuiis
319 2753 454 2815 hostibus
482 2772 589 2815 manus
610 2754 771 2815 conseruit.
815 2753 931 2832 agmina
961 2753 1053 2832 magis
1081 2771 1170 2831 quam
1200 2754 1277 2815 acies
1298 2765 1329 2816 tu

200 2838 389 2919 pugnabant;
415 2839 552 2916 superior
573 2848 687 2913 tamen,
711 2850 744 2900 ut
765 2838 795 2899 in
819 2837 1010 2900 tumultuaria
1033 2855 1144 2917 pugna,
1167 2838 1274 2900 Roma-

201 2942 258 2985 nus
279 2930 351 2984 erat.
389 2932 521 2984 ceterum
536 2934 565 2985 et
588 2924 703 3003 equites
720 2923 863 2985 Numidae
885 2931 1018 3003 repente,
1042 2941 1116 3002 quos
1138 2923 1275 2986 fefellisse

199 3027 233 3070 se
246 3010 305 3070 dux
321 3018 402 3070 ratus
417 3017 488 3081 erat,
511 3008 548 3070 ab
564 3007 704 3070 lateribus
720 3009 891 3070 circumfusi
912 3025 1050 3087 magnum
1066 3015 1214 3070 terrorem
1229 3009 1275 3070 in-

149 3107 178 3157 to
199 3095 308 3169 tulere,
331 3104 362 3154 et
382 3101 536 3155 contracto
558 3094 701 3155 aduersus
723 3093 863 3154 Numidas
885 3093 1046 3154 certamine
1069 3112 1150 3154 nouo
1172 3094 1275 3156 tertius

198 3180 322 3260 insuper
342 3178 464 3240 aduenit
485 3178 590 3252 bostis,
613 3179 704 3240 duces
719 3179 811 3239 Poeni
833 3179 964 3240 adsecuti
987 3176 1023 3238 ab
1040 3186 1125 3258 tergo
1140 3179 1198 3239 ianr
1221 3197 1275 3260 pu·
1297 3189 1328 3240 as
1362 3199 1363 3231 t

200 3315 404 3326 —.---—-—

199 3381 431 3516 ..itum
444 3378 1275 3517 l''littttllttNisibi·tltlttdtttttdtt
1361 3453 1362 3462 ι

200 3535 234 3570 ere
251 3523 367 3585 paterror
378 3517 421 3584 ΡΙΙ
436 3519 467 3569 12
484 3522 598 3582 tempore
612 3515 695 3568 Gron.
721 3523 837 3581 tempore
855 3520 910 3567 erat
921 3517 945 3566 P
955 3514 964 3582 1
979 3517 1009 3568 ta
1022 3530 1097 3582 quem
1111 3515 1160 3567 del.
1176 3515 1276 3583 Gran!
1361 3475 1362 3513 1

202 3589 232 3638 14
250 3585 391 3651 equitatum
410 3583 564 3637 tumidarum
575 3585 617 3648 1²¹,
635 3600 706 3636 corr.
719 3582 753 3636 11Ξ
765 3582 774 3651 ll
791 3588 821 3637 15
840 3582 962 3636 adsiduae
973 3584 1016 3651 ΡΙΙ
1029 3585 1061 3636 lb
1080 3597 1161 3648 uagos
1174 3583 1208 3636 1³²
1225 3599 1275 3637 ma·

199 3652 495 3720 gosP¹lt18sselsaepe
508 3652 549 3718 Pl
563 3655 592 3705 11
607 3652 729 3706 romanis.
749 3651 937 3719 compulsis
950 3666 998 3704 nsu
1011 3666 1068 3704 cnm
1081 3653 1152 3704 coni.
1164 3651 1275 3720 Deberi
1360 3707 1361 3710 ,

199 3721 272 3774 tasi
291 3735 319 3773 se
331 3726 350 3784 ς
377 3735 434 3772 sese
447 3719 490 3786 ΡΙ
502 3719 631 3772 indebiliis
643 3722 668 3771 P
690 3719 804 3772 indibilis
817 3724 836 3784 ς
852 3721 967 3786 itemque
981 3718 1000 3786 §
1013 3719 1050 3788 711
1064 3721 1097 3772 24
1110 3719 1225 3772 millibus
1236 3723 1275 3787 Pq
1360 3711 1361 3795 1

200 3792 233 3842 at
251 3793 278 3840 et
297 3786 413 3850 Crivier,
432 3803 482 3839 om.
501 3786 542 3855 ΡΙΙ
557 3787 660 3839 numida
678 3788 702 3839 P
