2734 4250
81 195 96 228 ι.
107 185 209 228 casata
512 166 604 221 llBllll
622 167 687 232 lllll,
705 169 738 222 61
1119 167 1158 228 61

84 359 134 420 pro
151 339 303 402 maiestate
315 338 454 402 uidelicet
470 339 586 419 imperii
596 339 722 401 Arimini
734 357 822 419 quam
834 339 945 401 Romae
957 341 1160 418 magistratum

84 427 225 486 initurum
253 434 281 486 et
310 425 342 485 in
372 423 542 486 deuersorio
570 424 707 503 hospitali
736 442 824 503 quam
852 433 924 504 aput
945 434 1069 505 penates
1090 445 1160 488 suos

85 518 264 588 praetextam
285 519 483 590 sumpturum.
520 509 723 571 reuocandum
738 509 873 572 uniuersi
892 510 1162 590 retrahendumque
1184 520 1210 571 tt

85 603 266 656 censuerunt
295 603 326 655 et
347 593 514 674 cogendum
543 593 682 656 omnibus
709 593 792 675 prius
818 602 1004 675 praesentem
1034 596 1065 657 in
1088 596 1161 659 deos

58 691 68 738 a
85 679 277 760 hominesque
299 679 384 758 iungi
401 679 516 752 officiis,
538 696 625 758 quam
640 679 677 739 ad
699 679 861 741 exercitum
877 688 907 741 et
922 680 952 740 in
974 681 1160 760 prouinciam

85 765 146 824 iret.
185 764 215 826 in
240 781 304 824 eam
327 764 504 843 legationem
527 797 569 808 -
591 764 704 844 legatos
726 764 806 826 enim
828 763 904 825 mitti
926 764 1038 844 placuit
1059 799 1101 810 —
1125 766 1160 837 0.
1184 776 1212 828 12

86 849 243 911 Terentius
265 858 295 910 et
309 849 347 910 ll.
360 849 505 911 Antistius
518 849 644 929 proiecti
668 848 761 910 nihilo
783 849 877 928 magis
898 867 966 911 eum
989 859 1159 926 mouerunt,

85 952 169 1014 quam
201 934 302 1013 priore
331 933 486 996 consulatu
520 933 634 996 litterae
662 943 820 995 mouerant
848 933 884 995 ab
913 943 1018 996 senatu
1046 935 1161 998 missae.

86 1037 195 1099 paucos
217 1026 287 1099 post
301 1019 363 1081 dies
379 1017 579 1098 magistratum
594 1019 669 1090 iniit,
692 1019 915 1098 immolantique
936 1020 963 1081 ei
978 1021 1090 1082 uitulus
1104 1021 1160 1082 iam
1183 1030 1212 1083 ta

49 1113 69 1163 tu
86 1104 158 1165 ictus
182 1122 199 1164 e
220 1102 359 1165 manibus
380 1103 610 1166 sacrificantium
632 1122 697 1166 sesa
719 1121 786 1165 cum
809 1104 1021 1184 proripuisset,
1050 1105 1160 1168 multos

87 1189 311 1251 circumstantes
332 1207 440 1250 cruore
462 1189 602 1269 respersit
609 1207 618 1264 ;
641 1189 711 1268 luga
735 1190 842 1269 procul
863 1189 952 1250 etiam
974 1190 1070 1250 maior
1091 1199 1162 1270 aput
1184 1200 1211 1252 tt

87 1273 213 1352 ignaros,
236 1273 307 1352 quid
330 1274 535 1354 trepidaretur,
558 1282 588 1335 et
610 1274 798 1336 concursatio
819 1274 881 1334 luit
920 1273 948 1334 itl
971 1293 987 1334 a
1009 1275 1159 1354 plerisque

87 1359 112 1419 iu
142 1377 233 1420 omen
263 1359 362 1438 magni
390 1359 512 1421 terroris
539 1368 704 1439 acceptum.
747 1356 915 1438 legionibus
949 1359 1018 1421 inde
1048 1359 1162 1422 duabus
1184 1373 1212 1424 ta

88 1443 293 1524 aSempronio
314 1443 424 1523 prioris
445 1444 517 1505 anni
539 1443 671 1520 consule,
694 1443 809 1506 duabus
830 1462 846 1504 a
867 1443 897 1504 C.
914 1443 1000 1506 Atilio
1023 1454 1159 1524 praetore

48 1533 70 1586 11
88 1529 211 1608 acceptis
233 1529 263 1589 in
281 1527 429 1590 Etruriam
451 1547 506 1609 per
519 1528 689 1610 Appennini
711 1529 843 1590 tramites
857 1529 1004 1592 exercitus
1025 1529 1093 1591 duci
1115 1539 1161 1592 est

88 1623 216 1694 coeptus.

170 1799 181 1849 l
202 1796 397 1862 magistratuum
415 1795 457 1864 Pl
470 1799 486 1850 2
503 1795 645 1849 diuersorio
657 1797 681 1848 P
691 1796 702 1864 ll
713 1800 835 1862 paenates
847 1797 890 1864 Pl
902 1799 918 1849 6
935 1797 984 1850 iret
995 1797 1030 1849 1³²
1055 1804 1094 1851 ret
1105 1799 1138 1851 P¹
1148 1798 1159 1868 ll

90 1863 146 1915 lab
157 1869 248 1916 senatu
261 1862 304 1932 Pl
317 1867 333 1918 9
345 1863 538 1931 magistratuum
550 1863 592 1930 Pl
607 1867 637 1918 tu
651 1863 800 1931 proripisset
812 1865 854 1932 Pl
869 1868 899 1919 ta
911 1865 939 1916 in
954 1865 1098 1918 leuandum
1115 1883 1158 1919 aas·

89 1935 207 1996 apiculae·
219 1931 302 1983 Gran.
313 1930 323 2000 l
340 1935 372 1986 14
389 1931 520 1985 consulam
533 1933 556 1984 P
589 1935 620 1986 15
639 1933 664 1984 iu
678 1937 698 1997 ς
723 1937 749 1984 et
767 1931 793 1983 in
806 1932 830 1983 P
861 1933 980 1986 etruriam
992 1933 1026 1986 P’
1051 1936 1158 1988 etruiam

90 1999 119 2048 pr
130 1999 140 2066 l
152 1999 290 2068 appennini
308 2016 344 2051 aa·
361 2001 533 2068 appenninum
595 2000 604 2068 ll
618 2000 756 2068 recognolai
775 2001 833 2052 abel
843 2001 878 2053 ini
896 2004 996 2055 mim.
1014 2001 1049 2052 1¹⁸
