2734 4250
205 99 265 159 178
597 97 691 152 uranu
708 98 793 165 xxm,
811 102 851 151 aa.
864 101 898 152 aa
1144 128 1227 161 aa...
1238 119 1277 161 sn

81 329 84 334 .
202 289 317 338 summa
338 273 370 334 ui
391 279 421 333 et
443 270 533 332 duces
562 270 758 332 hortabantur
786 279 816 332 et
844 271 951 332 milites
973 273 1155 351 pugnabant.
1200 274 1276 336 blar-

134 351 136 354 ’
203 359 295 422 callus
317 357 404 419 uictis
426 365 495 418 ante
517 356 594 416 diem
616 357 746 429 tertium,
768 356 877 435 iugatis
893 365 963 416 ante
977 375 1088 435 paucos
1103 359 1165 419 dies
1186 360 1277 420 aCu·

203 445 268 514 mis,
290 443 384 523 pulsis
399 442 498 522 priore
521 460 602 502 anno
624 443 660 500 ab
677 442 749 502 Nola
770 442 924 502 abeodem
942 441 1073 515 seduco,
1095 443 1188 504 milite
1210 444 1276 518 alio,

166 541 182 591 1
203 531 314 591 instare
336 527 428 589 iubet.
471 546 533 588 non
564 526 659 588 omnis
681 545 746 586 esse
772 527 802 587 in
826 527 903 600 acie;
932 527 1100 605 praedantis
1121 529 1225 607 uagari
1247 531 1277 592 in

205 615 299 694 agris;
317 623 347 674 et
362 613 411 692 qui
427 621 572 692 pugnent,
589 629 721 672 marcere
737 611 884 691 Campana
900 610 1024 684 luxuria,
1040 613 1112 673 uino
1127 621 1158 673 et
1172 617 1281 676 scortis
1304 629 1321 680 5

168 711 182 760 a
204 697 401 776 omnibusque
423 697 523 758 lustris
546 715 599 775 per
621 705 711 756 totam
732 696 859 758 hiemem
882 697 1044 758 conlectos.
1079 698 1178 760 abisse
1200 699 1279 761 illam

204 785 266 845 uina
288 783 492 860 uigoremque,
515 782 624 860 dilapsa
646 801 711 843 esse
729 781 837 843 robora
859 799 1020 859 corporum
1042 783 1280 862 animorumque,

205 869 314 948 quibus
328 867 469 946 Pyrenaei
484 867 661 946 Alpiumque
676 875 813 946 superata
828 867 888 927 sint
902 866 979 945 iuga.
1006 867 1145 946 reliquias
1160 869 1279 930 illorum

167 965 182 1014 t
203 955 335 1015 uirorum
362 953 413 1012 uix
442 970 521 1012 arnna
544 951 736 1030 membraque
762 951 936 1012 sustinentis
962 969 1105 1031 pugnare.
1149 953 1281 1033 Capuam

206 1037 363 1099 Hannibali
386 1037 502 1098 Cannas
524 1037 623 1097 luisse.
661 1035 702 1096 ibi
724 1036 866 1096 uirtutem
889 1035 1037 1109 bellicam,
1061 1037 1101 1097 ibi
1124 1038 1282 1100 militarem
1308 1049 1337 1100 10

206 1123 399 1201 disciplinam,
422 1122 463 1183 ibi
485 1122 635 1201 praeteriti
658 1121 801 1200 temporis
815 1123 930 1195 tamam,
953 1120 994 1182 ibi
1015 1140 1099 1201 spem
1121 1124 1215 1184 futuri
1230 1143 1283 1186 ex·

168 1219 182 1270 5
204 1210 336 1271 tinctam.
363 1226 429 1268 cum
446 1207 519 1267 baec
535 1206 742 1286 exprobrantia
757 1207 835 1266 hosti
849 1206 1004 1268 blarcellus
1018 1225 1140 1268 suorum
1156 1209 1283 1271 militnm

206 1295 320 1355 animos
336 1293 471 1372 erigeret,
488 1291 636 1352 Hannibal
651 1291 744 1352 multo
756 1291 944 1369 grauioribus
959 1291 1077 1371 probris
1091 1292 1282 1373 increpabat:

168 1388 183 1439 6
205 1397 284 1440 arma
305 1379 449 1457 signaque
472 1377 573 1438 eadem
595 1395 627 1437 se
651 1394 784 1448 noscere,
807 1394 882 1453 quae
897 1376 934 1436 ad
948 1377 1084 1437 Trebiam
1099 1377 1283 1440 Trasumen-

205 1482 347 1543 numque,
363 1473 513 1542 pnstremo
530 1462 564 1522 ad
578 1460 694 1522 Cannas
709 1461 817 1522 uiderit
830 1460 1026 1540 habueritque
1032 1481 1040 1536 ;
1057 1462 1178 1523 militem
1193 1465 1285 1525 alium
1310 1475 1340 1524 15

227 1551 340 1609 relecto
363 1565 395 1608 se
417 1549 447 1607 in
472 1546 595 1607 hiberna
617 1544 746 1625 Capuam
769 1547 903 1619 duxisse,
930 1546 1018 1607 alium
1043 1547 1112 1608 iude
1135 1549 1284 1610 eduxisse.

169 1643 183 1693 τ
216 1633 383 1712 legatumne
398 1631 564 1692 Romanum
587 1642 617 1691 et
634 1630 759 1708 legionis
780 1631 869 1692 unius
891 1639 980 1709 atquc
1001 1631 1063 1692 alac
1086 1651 1193 1711 magno
1215 1653 1284 1695 ccr-

204 1718 316 1778 tamiue
337 1717 388 1776 uix
402 1717 534 1776 toleratis
549 1734 689 1796 pugnam,
713 1735 787 1794 quos
805 1715 892 1776 binae
914 1715 992 1777 acies
1007 1718 1178 1779 consulares
1192 1736 1283 1780 num-

169 1811 184 1862 8
206 1820 294 1881 quarn
316 1799 544 1862 sustinuerunt?
567 1801 722 1862 blancollus
737 1801 834 1861 tirone
850 1801 942 1861 milite
960 1819 994 1861 ao
1009 1801 1129 1864 Nolanis
1143 1803 1285 1864 subsidiis

207 1887 319 1947 inultus
342 1904 397 1946 uos
419 1885 475 1945 iam
498 1885 604 1946 iterum
627 1883 765 1947 lacessiti
795 1885 844 1944 ubi
866 1885 915 1946 illa
939 1885 1021 1947 miles
1043 1905 1127 1948 meus
1149 1895 1209 1961 est,
1231 1890 1287 1968 qui
1312 1899 1344 1949 aa

207 1972 330 2052 derepto
353 1989 388 2030 ex
410 1988 488 2048 equo
511 1969 541 2030 C.
559 1970 703 2031 Flaminio
731 1969 847 2031 consuli
870 1979 958 2051 caput
979 1969 1120 2032 abstulit‘l
1142 1973 1208 2046 ubi,
1231 1975 1285 2052 qui

170 2067 184 2117 9
207 2057 240 2118 L.
257 2056 379 2117 Paulum
394 2056 430 2115 ad
447 2055 563 2116 Cannas
585 2053 714 2116 occidit?
736 2057 847 2125 terrum
867 2074 948 2117 nunc
970 2054 1081 2115 hebet?
1103 2075 1140 2117 an
1163 2058 1286 2118 dextrae

207 2140 351 2221 torpenti
373 2160 410 2202 au
433 2140 504 2219 quid
527 2142 642 2221 prodigi
665 2149 710 2202 est
730 2138 830 2201 aliud‘l
856 2142 908 2218 qui
930 2143 1016 2220 pauci
1039 2143 1139 2220 plures
1161 2144 1285 2205 uincere

207 2228 284 2291 soliti
307 2227 391 2299 estis,
419 2244 500 2287 nunc
522 2227 624 2304 paucis
647 2227 747 2304 plures
769 2226 818 2286 uix
841 2224 980 2287 restatia‘l
1008 2226 1130 2287 Romam
1153 2247 1209 2290 uns
1231 2249 1285 2289 ex·

155 2324 185 2375 10
205 2322 399 2394 pugnaturos,
422 2312 445 2372 si
469 2311 535 2389 quis
557 2311 688 2377 duceret
710 2312 802 2371 fortes
816 2310 917 2387 lingua
937 2311 1103 2385 iactabatis3
1126 2331 1165 2374 en
1180 2314 1211 2374 in
1227 2314 1286 2373 mi·
1312 2325 1342 2374 ²5

207 2416 282 2459 nore
309 2417 342 2458 re
371 2395 499 2475 experiri
532 2397 593 2456 uim
623 2396 824 2474 uirtutemque
852 2395 936 2455 uolo:
972 2406 1139 2476 expugnate
1168 2398 1283 2469 Nolam,

206 2491 400 2562 campestrem
417 2482 530 2551 urbem,
554 2500 614 2541 nou
632 2481 762 2551 llumine,
785 2500 847 2540 non
869 2481 942 2540 mari
964 2489 1104 2560 saeptam.
1141 2483 1212 2545 hinc
1227 2504 1284 2544 uos

207 2587 242 2629 ex
257 2578 315 2627 tarn
332 2565 472 2646 opulenta
489 2564 564 2626 urbe
579 2566 686 2645 praeda
706 2565 867 2646 spoliisque
882 2574 1006 2627 onustos
1020 2566 1069 2627 uel
1083 2568 1198 2639 ducam,
1221 2588 1283 2647 quo

207 2652 321 2723 uoletis,
344 2650 393 2711 uel
414 2644 539 2728 sequar?

155 2741 193 2796 td
293 2737 355 2797 Nec
377 2734 453 2795 bene
478 2753 531 2795 nec
548 2734 621 2794 male
643 2734 720 2795 dicta
735 2735 915 2814 protuerunt
933 2736 968 2796 ad
984 2736 1204 2799 confirmandos
1218 2740 1285 2799 ani·
1309 2748 1341 2798 an

72 2869 75 2881 .
171 2830 186 2880 1
207 2840 280 2883 mos.
311 2838 379 2881 cum
395 2819 475 2879 omni
489 2828 573 2899 parte
588 2819 780 2898 pellerentur,
796 2820 996 2899 Romanisque
1011 2831 1180 2882 crescerent
1190 2823 1283 2886 animi

209 2925 270 2967 non
293 2907 367 2966 duce
390 2904 485 2966 solum
506 2904 695 2979 adhortante,
718 2904 769 2965 sed
791 2904 913 2965 Nolanis
934 2906 1021 2966 etiam
1045 2924 1099 2984 per
1120 2906 1281 2969 clamorem

208 3024 408 3034 ——-—-——--

293 3089 310 3140 1
327 3087 387 3139 uicti
408 3087 448 3154 ΡΙΙ
462 3090 476 3139 3
495 3087 546 3151 [nb]
566 3086 654 3139 eodem
672 3088 696 3139 J.
711 3088 740 3139 H.
755 3087 823 3138 Voss
839 3085 850 3154 Ι
867 3090 882 3137 5
901 3087 968 3152 agris
987 3092 1013 3140 et
1028 3092 1126 3155 scripti
1143 3090 1201 3141 Em.
1220 3090 1281 3142 Lau.

208 3156 263 3208 115
290 3171 351 3221 agro
370 3162 396 3207 et
413 3155 565 3216 Alaelefsln'
591 3154 699 3221 agrosed
712 3155 754 3222 Pil
768 3159 781 3205 1
800 3154 903 3221 delapsa
916 3156 958 3223 ΡΙΙ
972 3158 988 3208 8
1001 3158 1122 3224 pyraenei
1135 3156 1176 3224 ΡΙ
1193 3161 1224 3211 10
1236 3160 1280 3210 nbi

207 3224 328 3277 uirtutem
346 3226 386 3289 ΡΗ
403 3226 433 3277 11
452 3223 661 3289 exprobrandog
688 3224 888 3287 exprobrandam
905 3225 1006 3275 Panto
1021 3241 1075 3277 roe.
1103 3226 1282 3291 exprobranda

203 3292 363 3359 protraat
384 3293 414 3343 ta
433 3292 534 3343 annibal
558 3292 653 3342 multon
670 3290 719 3358 ΡΙΙ
738 3294 769 3344 14
787 3307 837 3357 que
856 3291 889 3342 ad
913 3292 989 3343 tribin
1013 3298 1213 3361 traspmenumq.
1232 3293 1270 3358 ΡΙ

209 3362 241 3413 ta
253 3362 324 3426 ugias
336 3359 379 3427 ΡΙΙ
393 3362 423 3413 11
438 3361 544 3427 derepto
556 3358 650 3410 Duker
676 3368 766 3424 erepto
779 3359 819 3427 ΡΙῙ
833 3375 857 3425 g.
871 3358 914 3426 ΡΙΙ
926 3360 969 3426 qui
983 3366 1010 3424 ς,
1023 3375 1072 3411 om.
1085 3360 1128 3428 ΡΙ
1140 3362 1173 3413 11
1186 3362 1282 3413 ferron

207 3444 242 3479 aa
259 3442 341 3479 rerum
361 3429 392 3477 ΡΙ
412 3427 421 3495 lt
439 3429 470 3479 15
490 3428 600 3493 linguam
620 3425 667 3492 ΡΙΙ
686 3442 717 3478 en
740 3427 766 3477 in
791 3429 888 3478 minore
906 3442 932 3479 re
950 3428 1057 3493 experiri
1076 3428 1186 3494 Madvig
1213 3430 1283 3481 eninr

208 3495 290 3546 minor
315 3510 354 3546 res
377 3502 417 3546 eat
441 3496 482 3546 bic
503 3496 578 3562 periri
603 3495 654 3557 (bio
676 3496 784 3560 experiri
802 3496 886 3559 ΡΗ)
918 3511 948 3547 en
965 3512 1016 3562 pro
1035 3496 1101 3547 enirn
1122 3502 1141 3560 ς
1176 3500 1221 3548 en!
1240 3498 1284 3549 bic

207 3562 290 3612 minor
303 3570 343 3613 eat
355 3578 407 3613 res:
429 3563 469 3613 bic
483 3564 591 3629 experiri
605 3564 755 3627 Heusinger
780 3578 820 3624 en,
839 3564 922 3613 minor
933 3579 973 3614 res
987 3570 1035 3626 est,
1052 3564 1077 3613 in
1094 3580 1144 3630 qua
1164 3564 1206 3616 hio
1224 3580 1284 3631 exp.

210 3630 371 3694 Wesenberg
406 3644 437 3681 en
459 3631 485 3681 in
509 3632 605 3681 minore
628 3646 655 3681 re
673 3632 747 3682 istam
767 3644 824 3696 exp.
844 3630 940 3682 Nonalr
959 3631 969 3697 Ι
991 3634 1023 3683 16
1041 3632 1229 3698 uirtutemquae
1248 3636 1286 3695 Ρ,-

206 3698 317 3749 uidetur
335 3702 445 3748 uestram
458 3699 622 3748 intercidisse
634 3697 643 3765 ΙΙ
657 3705 820 3763 expugnante
832 3699 872 3760 1²¹,
891 3716 961 3750 corr.
975 3696 1027 3768 ΡΙ
1041 3700 1072 3751 11
1092 3708 1238 3766 capestrem
1251 3703 1284 3753 1²¹

208 3767 367 3831 campestrem
384 3763 439 3832 12t
453 3766 527 3817 maris
545 3766 587 3831 ΡΙΙ
599 3780 646 3817 uos
665 3781 697 3817 ex
714 3766 748 3816 1¹²
774 3782 870 3819 uoxnen
887 3766 919 3817 Ρί
932 3768 942 3833 l
954 3769 986 3820 18
1004 3768 1092 3819 urben
1112 3768 1134 3816 Ρ
