2734 4250
93 154 113 186 ι.
124 144 222 186 caeru
471 125 564 178 manu
583 125 676 190 xlllllt,
695 128 796 180 27-29
1108 124 1170 183 215

94 317 211 362 recusas
226 298 470 360 criminabantur.
506 308 540 358 nt
555 316 628 360 uero
644 298 759 378 lippias
775 315 866 359 naues
881 298 916 357 ad
933 299 1041 359 ostium
1056 307 1171 379 portus,
1192 308 1208 359 8

93 402 153 463 quo
168 402 239 446 snae
254 384 346 465 partis
367 383 541 445 hominibus
555 383 671 444 animus
686 383 851 456 accederet,
872 383 903 444 in
919 383 1047 446 statione
1062 383 1171 445 habere

95 471 200 550 coepit,
224 470 331 549 ingens
345 469 377 530 in
393 469 521 547 speciem
544 466 720 529 criminibus
740 468 824 528 uanis
845 478 1011 529 accesserat
1031 470 1112 542 lides,
1135 487 1170 530 ac
1191 477 1206 528 t

94 556 188 632 primo
211 555 300 616 etiam
322 554 504 615 tumultuose
526 553 698 614 decurrerat
723 553 878 614 multitudo
900 554 934 614 ad
958 553 1169 632 prohibendos,

61 641 116 700 tsi
139 640 169 700 in
193 649 304 700 terram
327 639 550 717 egrederentur.

178 724 212 785 ln
229 725 284 785 hac
307 724 475 785 turbatione
492 739 591 784 rerum
607 723 638 783 in
655 723 826 784 contionem
844 723 945 784 uocari
960 723 1079 802 placuit.
1116 723 1169 785 ubi
1181 727 1219 783 28

94 827 160 870 cum
183 809 232 870 alii
254 810 311 869 alio
334 810 491 870 tenderent
512 826 568 869 neo
590 808 695 887 procul
716 808 861 868 seditione
877 825 925 869 res
940 818 1026 882 esset,
1048 809 1169 887 Apollo-

95 894 185 966 nides,
208 894 379 973 principum
402 911 490 964 unus,
513 893 677 954 orationem
700 892 856 954 salutarem
875 901 909 953 nt
922 892 953 953 in
969 892 1019 954 tali
1035 900 1170 974 tempore

94 978 209 1040 hebuit:
248 997 305 1040 nec
327 997 410 1057 spem
440 978 542 1039 salutis
564 996 620 1038 nec
644 977 807 1056 perniciem
835 978 1006 1056 propiorem
1028 997 1171 1057 umquam
1191 989 1207 1039 1

47 1071 73 1121 to
94 1064 203 1124 ciuitati
228 1063 278 1124 ulli
302 1063 402 1125 luisse.
440 1063 559 1124 sienim
582 1081 644 1123 uno
660 1063 759 1123 animo
782 1080 886 1124 omnes
908 1063 956 1123 uel
970 1064 1005 1123 ad
1023 1062 1206 1124 llomanost

95 1149 140 1210 uel
155 1149 190 1209 ad
208 1148 466 1226 Carthaginienses
488 1148 643 1221 inclinent,
667 1147 777 1209 nulhus
796 1147 922 1208 ciuitatis
944 1156 1052 1209 statum
1075 1149 1170 1209 lortu·

95 1234 240 1295 notiorem
263 1251 297 1295 ac
312 1231 474 1294 beatiorem
495 1233 574 1304 lore;
597 1232 622 1293 si
637 1231 684 1292 alii
706 1232 764 1292 alio
787 1233 906 1293 trahant
926 1250 984 1306 res,
1008 1251 1069 1294 non
1092 1233 1206 1294 interl

94 1317 209 1380 Poenos
226 1319 436 1397 Romanosque
447 1317 555 1378 bellum
571 1316 702 1378 atrocius
715 1318 780 1376 lore
795 1334 882 1395 qnam
899 1316 978 1377 inter
987 1317 1068 1396 ipsos
1082 1317 1169 1397 Syra·

94 1421 230 1476 cusanus,
254 1421 322 1464 cum
344 1402 422 1463 intra
439 1403 556 1463 eosdem
579 1420 680 1464 muros
695 1419 765 1480 pars
779 1411 905 1480 utraque
922 1421 991 1462 suos
1013 1403 1169 1476 exercitus,

49 1495 73 1544 ts
92 1506 141 1548 sua
172 1506 273 1560 arma,
302 1505 373 1548 suos
402 1486 538 1548 habitura
559 1487 598 1547 sit
618 1487 718 1547 duces.
762 1487 877 1565 itaque,
905 1494 938 1547 ut
967 1486 1043 1547 idem
1066 1497 1206 1548 omneso

93 1574 236 1645 sentiant,
265 1572 431 1634 summani
460 1572 606 1649 agendum
637 1590 711 1633 esse.
755 1581 820 1632 utra
849 1570 975 1632 societas
1001 1571 1039 1633 sit
1060 1571 1169 1644 utilior,

93 1675 153 1718 eam
176 1659 270 1737 longe
291 1658 437 1718 minorem
459 1675 494 1718 ac
509 1656 628 1718 leuioris
650 1657 793 1717 momenti
816 1656 1063 1717 consultationem
1086 1675 1165 1733 esse;

93 1753 135 1803 set
148 1752 249 1804 tamen
264 1741 402 1803 flieronis
417 1741 516 1821 potius
530 1759 618 1820 quam
631 1741 806 1821 Hieronymi
821 1741 1025 1802 auctoritatem
1039 1759 1170 1820 sequen·
1191 1751 1207 1801 t

93 1828 156 1888 dam
171 1829 203 1889 in
221 1826 310 1888 sociis
324 1827 467 1904 legendis,
482 1826 531 1887 uel
545 1827 760 1904 quinquaginta
775 1826 863 1888 annis
877 1826 1003 1887 feliciter
1017 1837 1169 1905 expertam

49 1918 73 1970 lt
92 1912 248 1974 amicitiam
266 1929 347 1973 nunc
360 1912 537 1991 incognitae,
554 1912 704 1990 quondam
717 1911 827 1971 infideli
842 1911 1074 1989 praeferendam.
1105 1930 1170 1973 esse
1191 1923 1206 1971 't

93 1997 175 2058 etiam
207 1996 353 2058 momenti
382 1996 492 2075 aliquid
513 1995 548 2057 ad
572 1996 745 2068 consilium,
775 1995 853 2074 quod
877 1995 1187 2075 Carthaginiensibus-

93 2082 128 2143 ita
150 2101 207 2164 pax
225 2081 327 2163 negari
349 2082 451 2161 possit,
474 2091 507 2144 ut
525 2100 586 2143 non
603 2081 706 2160 utique
728 2080 758 2142 in
779 2080 945 2160 praesentia
966 2079 1077 2142 bellum
1099 2099 1167 2142 curn

92 2168 132 2229 eis
158 2177 299 2247 geratur3
337 2186 405 2228 cum
428 2166 569 2228 llomanis
597 2166 745 2246 extemplo
773 2174 825 2227 aut
852 2184 955 2244 pacem
977 2163 1037 2245 {aut
1056 2166 1168 2227 bellum

92 2252 272 2315 habendum.
318 2271 377 2331 quo
407 2252 506 2314 minus
535 2252 703 2331 cupiditatis
729 2269 764 2311 ac
794 2251 882 2312 studii
909 2250 973 2311 uisa
1001 2258 1046 2311 est
1074 2251 1206 2311 oratioe

46 2345 71 2397 tt
90 2338 215 2409 habere,
239 2356 274 2397 eo
299 2337 365 2416 plus
387 2336 569 2398 auctoritatis
590 2335 702 2397 habuit.
747 2336 893 2396 adiectum
916 2347 962 2395 est
982 2334 1169 2413 praetoribus

91 2440 123 2483 ac
144 2424 270 2483 delectis
291 2432 460 2483 senatorum
483 2421 608 2482 militare
632 2422 718 2481 etiam
741 2420 908 2493 consilium,
934 2420 1004 2480 iussi
1027 2428 1057 2480 et
1078 2421 1169 2481 duces

92 2508 229 2570 ordinum
256 2507 454 2585 praefectique
476 2506 651 2567 auxiliorum
673 2505 761 2567 simul
784 2505 951 2567 consulere.
991 2522 1060 2565 oum
1081 2522 1170 2583 saepe
1191 2514 1207 2563 a

91 2602 152 2655 aeta
174 2612 224 2655 res
247 2603 327 2653 esset
348 2593 463 2669 magnis
485 2590 712 2663 conaminibus,
734 2599 895 2668 postremo,
919 2589 987 2669 quia
1009 2588 1079 2650 belli
1100 2607 1168 2649 cum

92 2676 232 2739 Romanis
262 2677 386 2756 gerendi
414 2677 489 2737 ratio
519 2676 599 2737 nulla
625 2673 801 2755 apparebat,
834 2692 939 2755 pacem
966 2674 1030 2735 lieri
1058 2674 1170 2753 placuit

48 2769 153 2823 etcum
176 2762 221 2824 eis
245 2762 382 2840 mittique
403 2762 516 2840 legatos
538 2762 573 2822 ad
596 2779 659 2821 rem
683 2761 924 2821 confirmandam.

173 2847 244 2909 Dies
267 2847 339 2908 haut
354 2846 392 2907 ita
406 2846 489 2909 multi
510 2846 754 2917 intercesserunt,
777 2862 845 2905 eum
860 2864 896 2906 er
912 2843 1068 2905 Leontinis
1081 2842 1170 2922 legati
1180 2847 1219 2903 11

174 2986 186 3033 1
208 2984 276 3045 υ1ς
303 2984 329 3031 al
346 2980 370 3031 P
388 2979 398 3046 ll
416 2981 432 3031 1
450 2994 502 3045 quo
524 2994 585 3031 suae
604 2978 674 3053 Cpb.
687 2978 792 3038 Bauer,
814 2978 884 3028 idem
907 2978 953 3027 uel
975 2992 1027 3043 qno
1048 2991 1169 3028 romanae

92 3052 158 3102 coni.
178 3049 327 3102 Wer'srenll.
354 3047 414 3113 qnid
434 3047 500 3099 aliae
520 3047 542 3097 Ρ
564 3062 616 3113 quo
634 3046 738 3109 aliae&
767 3060 818 3111 qno
837 3046 934 3097 amicae
951 3060 1012 3095 eum
1030 3043 1169 3109 Madvigio

92 3116 176 3169 Hm.
194 3116 311 3168 ddueeltar
328 3114 527 3180 eott28,t2,6
544 3114 554 3181 ll
573 3117 590 3165 4
607 3114 681 3181 primi
700 3112 777 3181 Plo
796 3112 993 3179 regrederentur
1013 3112 1090 3178 ΡΙθ
1107 3128 1168 3163 eon·

92 3184 158 3237 tione
175 3184 249 3252 Pll'l
269 3190 386 3236 tenerent
403 3184 446 3249 ΡΙ
458 3186 491 3235 10
509 3182 620 3233 romanis
639 3182 679 3246 1⁰¹,
697 3196 768 3232 corr.
784 3179 841 3245 P’p
855 3183 886 3232 11
904 3196 935 3232 ae
951 3179 1091 3231 beatiorem
1109 3179 1169 3230 Sal-

91 3256 187 3303 masius
214 3251 412 3303 erectioremP¹
437 3250 574 3317 gratiorem
588 3248 800 3315 1111111101)ι
825 3246 1168 3313 aliarnlioll'ltrabanel'¹

94 3320 176 3372 tmhan
196 3320 301 3387 1)*[113
319 3319 430 3371 atrocios
447 3320 489 3385 Pu
505 3321 537 3371 14
553 3324 661 3385 utraque
679 3320 699 3381 ς
724 3316 830 3382 otiaque
847 3315 880 3365 ΡΙ
906 3329 1007 3382 unaque
1018 3313 1052 3365 P¹
1065 3316 1075 3378 Ι
1089 3317 1118 3366 11
1132 3314 1169 3366 le·

92 3388 166 3441 oloris
183 3388 348 3451 momentig
378 3386 461 3439 leores
484 3384 589 3453 morelli
610 3383 662 3450 ΡΙΙ
684 3386 715 3437 18
734 3383 870 3436 bieruntmi
888 3384 921 3434 1²¹
955 3381 1089 3433 hieronimi
1107 3380 1171 3448 Μ

95 3456 123 3507 ta
133 3455 176 3508 nel
189 3458 213 3508 Ρ
236 3460 265 3507 et
278 3455 359 3507 Gran.
371 3452 381 3522 ΙΙ
396 3457 428 3507 111
440 3452 537 3505 lnlldeli
550 3454 581 3505 Ρ1
609 3451 739 3505 infidelem
751 3452 793 3513 P',
805 3456 901 3586 forma
913 3450 1048 3503 meldad
1062 3451 1169 3515 restit!

96 3525 122 3575 11
141 3524 234 3590 aliquit
253 3523 295 3590 Pp
308 3524 341 3575 11
359 3522 444 3575 necari
461 3521 505 3589 ΡΙΙ
827 3520 860 3571 16
878 3519 957 3571 duces
974 3535 1009 3569 ea
1026 3516 1092 3569 duos
1110 3518 1142 3568 1²¹
1158 3522 1168 3582 tt

535 3521 600 3573 ossit
617 3524 636 3585 ς
665 3526 755 3587 posset
771 3521 796 3570 Ρ

95 3590 124 3643 18
141 3592 243 3657 magnis
266 3592 348 3643 Grou.
378 3589 475 3641 maenis
493 3538 533 3640 ΡΡ
555 3588 661 3640 meediis
679 3586 715 3639 1³⁸
734 3588 744 3654 Ι
765 3590 798 3641 19
816 3588 913 3639 romani
931 3585 984 3654 ΡΙ
1004 3588 1037 3638 30
1055 3600 1113 3637 cum
1131 3585 1169 3638 eis

94 3657 209 3727 mittique
227 3659 347 3711 llotllr'ue
372 3659 492 3724 mittique
511 3672 568 3708 eum
588 3657 625 3708 eis
644 3657 677 3719 1²;
695 3670 784 3722 paoem
803 3670 861 3706 cum
879 3655 916 3707 eis
934 3652 989 3706 deri
1007 3654 1105 3720 placuit
1123 3671 1169 3707 οω-

7 3748 8 3759 ¹
94 3731 205 3789 :proteu
230 3727 351 3795 mittique
375 3725 475 3791 legatos
498 3723 529 3777 ad
548 3739 601 3776 rem
622 3738 679 3775 cum
699 3724 737 3775 eia
755 3721 953 3775 confirmandam
972 3724 1042 3774 coni.
1060 3720 1170 3839 (ΜΔ

95 3794 122 3845 31
141 3796 342 3847 intercesserant
359 3796 501 3846 Aesontius
519 3793 594 3857 1513,
610 3792 658 3843 sed
674 3788 711 3851 ef.
723 3790 766 3856 40,
778 3791 819 3852 48,
832 3791 870 3857 41
884 3790 976 3857 legatis
993 3791 1034 3852 Pl,
1053 3805 1123 3842 corr.
