2734 4250
172 152 194 209 4
575 144 854 212 nrrmxxvtat
1099 161 1250 205 sesso

131 336 151 400 t
173 318 332 403 potuisse?
365 339 427 382 non
456 338 489 381 se
517 320 618 400 inopia
646 328 829 381 commeatus
856 318 887 379 in
918 317 982 379 loca
1004 318 1106 396 iniqua
1129 318 1251 379 incaute

173 406 350 478 deductum,
384 424 446 466 non
475 404 593 484 agmine
624 404 810 484 inexplorato
839 411 959 465 euntem
982 402 1097 465 insidiis
1119 403 1251 464 circum·

174 500 315 565 uentnm;
338 490 369 552 ui
392 500 507 570 aperta,
532 490 636 563 armis,
659 490 721 550 acie
743 489 865 551 uictum.
910 506 967 549 uec
989 505 1111 551 suorum
1135 488 1253 549 animos

175 595 233 639 nec
262 577 392 638 bostium
420 576 452 637 in
483 583 628 655 potestate
655 573 810 637 babuisse:
843 592 929 636 sunm
959 574 1067 653 cuique
1095 572 1253 651 ingenium

138 676 153 726 5
174 662 325 723 audaciam
354 669 405 723 aut
433 678 577 739 pauorem
603 661 710 721 lacere.
754 658 800 721 bis
822 669 866 721 est
888 667 1043 721 accusatus
1065 658 1255 739 pecuniaque
1277 670 1296 718 5

175 747 374 827 anquisitum;
397 745 496 818 tertio,
519 744 644 807 testibus
659 744 743 818 datis,
765 760 843 817 eum,
865 753 1071 824 praeterquam
1087 744 1166 823 quod
1182 762 1254 805 om·

175 832 265 894 nibus
282 831 402 913 probris
421 830 610 904 onerabatur,
632 830 719 892 iurati
734 829 875 909 permulti
890 829 1032 904 dicerent,
1055 830 1141 908 fugae
1155 846 1255 909 pauo·

138 930 155 980 o
175 918 275 996 risque
298 916 414 999 initium
438 934 455 977 a
477 925 615 995 praetore
637 925 746 987 ortum,
768 914 805 975 ab
827 934 863 975 eo
886 915 1019 977 desertos
1041 914 1158 988 milites,
1181 932 1255 975 cum

177 1002 254 1064 baud
277 1020 388 1064 uanum
411 1000 548 1062 timorem
572 1000 655 1061 ducis
674 999 841 1075 crederent,
864 1010 946 1078 terga
962 999 1087 1074 dedisse,
1109 1008 1191 1061 tanta
1206 999 1256 1061 ira

140 1102 155 1151 t
177 1106 300 1149 accensa
323 1096 377 1161 est,
400 1095 434 1148 ut
455 1086 551 1165 eapite
573 1086 792 1165 anquirendum
809 1086 908 1147 contio
925 1085 1128 1147 succlamaret.
1162 1085 1199 1145 de
1215 1104 1256 1146 eo
1281 1094 1316 1145 1ο

178 1191 298 1253 quoque
320 1189 433 1233 nouum
455 1182 604 1232 certamen
628 1180 743 1234 ortum:
766 1188 835 1233 nam
857 1189 926 1232 cum
940 1169 987 1231 bis
1001 1170 1128 1250 pecunia
1142 1170 1255 1248 anqui-

140 1259 272 1332 scisset,
295 1257 383 1319 tertio
406 1256 510 1336 capitis
531 1274 564 1318 se
586 1256 746 1334 anquirere
768 1256 888 1327 diceret,
910 1255 1023 1318 tribuni
1039 1254 1134 1334 plebis
1149 1254 1256 1334 appel-

177 1344 229 1405 lati
251 1341 392 1421 conlegae
415 1348 565 1419 negarunt
584 1359 617 1401 se
639 1340 669 1401 in
693 1359 775 1402 mora
798 1360 876 1411 esse,
900 1358 959 1420 quo
983 1341 1098 1413 minus,
1120 1338 1200 1419 quod
1227 1340 1256 1402 ei

177 1446 262 1489 more
276 1428 421 1487 maiorum
437 1426 614 1505 permissum
625 1434 713 1499 esset,
728 1445 780 1487 seu
797 1425 911 1503 legibus
926 1444 978 1487 seu
994 1424 1127 1487 moribus
1142 1424 1256 1498 mallet,

178 1514 368 1593 anquireret,
392 1512 489 1589 quoad
512 1510 560 1573 uel
582 1510 687 1590 capitis
709 1511 759 1571 uel
780 1510 924 1589 pecuniae
946 1510 1104 1573 iudicasset
1125 1511 1257 1589 priuato.
1284 1521 1317 1571 ts

140 1610 156 1660 9
178 1610 240 1660 turn
253 1596 449 1677 Sempronius
464 1595 676 1676 perduellionis
690 1614 723 1657 se
737 1596 866 1657 iudicare
881 1594 935 1657 Cn.
948 1594 1054 1657 Fuluio
1071 1594 1143 1657 dixit
1157 1594 1257 1657 diem·

129 1693 157 1745 to
179 1702 237 1762 que
259 1682 386 1743 comitiis
408 1680 444 1741 ab
469 1681 501 1743 C.
517 1680 678 1761 Calpurnio
699 1688 836 1761 praetore
851 1679 966 1742 urbano
981 1680 1075 1760 petiit.
1112 1680 1182 1742 inde
1197 1680 1259 1741 alia

178 1786 248 1847 spes
268 1766 306 1828 ab
328 1785 381 1827 reo
403 1774 544 1845 temptata
566 1775 619 1839 est,
640 1766 666 1827 si
681 1766 783 1828 adesse
798 1766 828 1827 in
844 1765 953 1827 iudicio
969 1766 1005 1837 Q.
1021 1765 1145 1827 Fuluius
1160 1766 1259 1827 trater

179 1862 289 1934 posset,
312 1852 424 1912 florens
444 1858 507 1911 tum
529 1853 654 1913 etfama
676 1869 776 1912 rerum
797 1859 945 1931 gestarum
968 1861 999 1913 et
1011 1853 1181 1931 propinqua
1199 1868 1259 1931 spe

128 1946 157 1999 11
171 1938 296 2017 .Gapuae
318 1935 489 2017 potiundae.
524 1937 552 1999 id
576 1954 643 1997 cum
665 1954 721 2016 per
740 1935 850 1999 litteras
864 1936 1071 1998 miserabiliter
1085 1954 1140 2015 pro
1156 1938 1260 1999 lratris
1284 1946 1318 1997 1)

181 2022 277 2102 capite
299 2022 425 2100 scriptas
445 2022 568 2101 petisset
588 2020 723 2095 Fuluius,
746 2031 964 2101 negassentque
984 2030 1085 2101 patres
1106 2038 1122 2082 e
1144 2039 1178 2082 re
1196 2040 1259 2101 pu·

129 2117 159 2170 tt
180 2107 256 2170 blica
279 2126 345 2170 esse
366 2105 484 2168 abscedi
505 2105 646 2187 aCapua,
668 2115 827 2187 postquam
849 2106 911 2168 dies
932 2108 1120 2169 comitiorum
1143 2107 1259 2180 aderat,

182 2194 235 2256 Cn.
248 2193 372 2255 Fuluius
401 2193 549 2254 exulatum
572 2191 750 2271 Tarquinios
775 2192 855 2254 abiit.
899 2191 929 2254 id
951 2194 979 2254 ei
1001 2193 1111 2254 iustum
1134 2193 1258 2255 exilium

181 2297 246 2342 esse
268 2279 355 2341 sciuit
376 2275 470 2358 plebs.

145 2368 166 2423 4
266 2364 349 2425 lnter
375 2363 449 2424 baec
471 2362 518 2424 uis
540 2364 637 2423 omnis
658 2361 728 2424 belli
753 2380 838 2424 uersa
861 2363 890 2424 in
915 2363 1045 2443 Capuam
1067 2371 1146 2440 erat;
1176 2362 1260 2426 obsi·
1286 2373 1321 2424 25

181 2448 305 2511 debatur
333 2458 434 2510 tamma
463 2447 561 2509 acrius
589 2465 677 2526 quam
707 2447 950 2528 oppugnabatur;
984 2467 1041 2510 nec
1069 2459 1121 2510 aut
1147 2448 1260 2510 lamam

182 2534 308 2596 tolerare
330 2533 450 2594 sentitia
473 2551 508 2593 ae
528 2528 614 2612 plebs
635 2541 775 2612 poterant
788 2542 840 2595 aut
853 2533 969 2595 mittere
985 2534 1107 2596 nuntios
1121 2531 1158 2594 ad
1175 2532 1259 2596 llan-

146 2630 161 2681 2
181 2619 312 2681 nibalem
341 2636 396 2700 per
421 2617 572 2680 custodias
592 2626 652 2678 mm
674 2627 761 2680 artas.
805 2619 947 2680 inuentus
968 2629 1013 2680 est
1034 2617 1176 2692 Numida,
1205 2619 1260 2697 qni

181 2704 310 2785 acceptis
339 2703 446 2765 litteris
473 2721 633 2765 euasurum
655 2721 688 2764 se
710 2703 861 2782 professus
883 2713 1047 2783 praestaret
1068 2703 1260 2784 promissum.

181 2807 237 2868 per
258 2789 354 2849 media
373 2789 506 2849 Romana
529 2796 622 2850 castra
646 2799 735 2850 nocte
757 2807 894 2868 egressus
916 2807 999 2869 spem
1021 2789 1158 2850 accendit
1172 2788 1261 2850 Cam·
1288 2800 1325 2851 ab

182 2873 278 2953 panis,
291 2873 362 2934 dum
378 2871 488 2952 aliquid
504 2873 613 2935 uirium
627 2884 805 2952 superesset,
822 2873 859 2934 ab
876 2877 957 2937 omni
973 2885 1056 2955 parte
1068 2874 1261 2954 eruptionem

146 2956 356 3038 attemptandi.
402 2967 534 3021 ceterum
563 2959 594 3019 in
617 2957 718 3020 multis
741 2959 952 3022 certaminibus
975 2960 1122 3040 equestria
1144 2958 1262 3038 proelia

182 3044 277 3104 lerme
291 3061 436 3122 prospera
452 3043 609 3116 laniabant,
626 3043 726 3124 pedite
740 3044 966 3124 superabantur.
1003 3047 1054 3108 sed
1071 3062 1261 3124 nequaquam

182 3141 242 3191 tam
270 3128 381 3190 laetum
409 3128 532 3191 uincere
553 3146 642 3208 quam
664 3129 749 3190 triste
771 3129 850 3192 uinci
873 3131 931 3192 ulla
955 3141 1038 3212 parte
1060 3137 1124 3192 erat
1144 3130 1182 3191 ab
1205 3148 1263 3210 op·

253 3283 265 3332 1
285 3280 403 3347 potuisse
417 3285 438 3342 ς
453 3278 534 3331 Gran.
548 3279 709 3345 potuissetP
718 3277 728 3346 ΙΙ
740 3283 899 3332 commentus
909 3279 981 3348 Plin
994 3279 1116 3346 Dosa-ing
1125 3293 1175 3331 non
1186 3277 1211 3330 in
1223 3281 1265 3344 Pl

183 3349 286 3400 ineante
303 3353 323 3413 ς
341 3348 444 3400 incanta
463 3347 580 3398 incautae
597 3346 668 3414 Pll
686 3346 886 3400 circumuentum
907 3354 927 3411 ς
944 3347 1039 3399 circum
1052 3347 1121 3415 Pli
1140 3347 1200 3414 luge
1220 3348 1264 3413 Pl

182 3419 198 3469 9
217 3415 289 3468 dume
306 3416 393 3468 Aldus
416 3416 489 3468 nocis
506 3414 547 3482 Pl
560 3415 595 3466 ira
620 3418 640 3478 ς
662 3414 699 3466 ita
719 3416 760 3482 Pl
776 3417 807 3468 ta
826 3414 895 3484 qnod
912 3416 996 3468 minus
1012 3417 1054 3484 Pl
1069 3420 1102 3470 tt
1118 3429 1190 3468 more
1205 3431 1263 3468 m.

182 3500 218 3534 11
241 3490 323 3536 morte
346 3484 388 3552 Pl
401 3483 536 3550 legibusen
558 3483 602 3550 Pl
616 3486 646 3537 lt
671 3498 708 3550 pr.
731 3484 786 3536 urb.
810 3485 853 3550 Pl
867 3484 940 3551 petiit
963 3485 994 3538 ll.
1017 3486 1042 3537 J.
1059 3483 1173 3536 Mueller·
1194 3485 1264 3550 petit

183 3551 225 3619 Pl
240 3554 270 3604 18
289 3551 380 3605 adesse
399 3552 425 3604 in
445 3550 527 3603 Gran.
544 3550 634 3603 adesse
651 3567 687 3602 eac
704 3549 820 3604 adessem
838 3553 870 3603 Ρ1
882 3551 893 3618 l
906 3552 1010 3619 quintus
1026 3553 1095 3606 lnlna
1112 3553 1154 3618 Pl
1168 3554 1200 3606 20
1220 3567 1264 3604 ca-

184 3624 262 3684 puaet
281 3619 324 3686 Pl
337 3622 367 3674 21
391 3619 499 3672 scribtae
517 3619 559 3685 Pl
571 3623 777 3686 negassentqnae
796 3621 844 3686 Pl
861 3622 894 3673 22
915 3619 1019 3674 abscedi
1037 3637 1072 3673 aar
1083 3620 1194 3674 abscede
1212 3619 1264 3688 P¹l

184 3689 218 3739 21
234 3701 291 3739 esse
309 3688 388 3739 sciuit
406 3692 426 3752 ς
443 3686 577 3755 eseeaquid
595 3685 636 3752 Pl
650 3688 681 3739 tt
697 3687 771 3755 pleps
782 3687 826 3756 Pl
837 3693 957 3754 poterant
969 3689 1003 3740 P'
1019 3693 1139 3757 poterant
1157 3695 1203 3741 ant
1215 3703 1262 3755 pn·

184 3758 267 3806 terant
279 3755 311 3805 P¹
328 3756 340 3822 l
358 3757 391 3809 29
410 3756 541 3823 proiectus
555 3755 597 3822 Pl
610 3757 643 3807 30
658 3753 741 3808 media
752 3757 786 3809 P²
794 3755 870 3808 midla
885 3756 916 3807 P¹
929 3756 983 3824 1133
998 3755 1083 3824 pedite
1097 3755 1179 3809 Gran.
1192 3755 1264 3823 pedi·

185 3825 224 3873 tes
241 3819 280 3888 Pl
289 3823 480 3889 superabuntur
490 3823 530 3887 P',
540 3839 611 3876 corr.
620 3821 654 3875 1³⁸
665 3822 675 3891 l
689 3827 823 3893 nequaqni
833 3841 887 3876 rae.
898 3841 933 3876 ee
945 3823 1088 3893 nequaqdi
1097 3823 1139 3892 Pl
1147 3826 1183 3880 tt
1194 3825 1261 3879 uinci
