2734 4250
227 132 290 192 146·
631 129 724 182 LIBER
741 128 852 195 xxvut
872 133 904 182 ld
1161 155 1181 190 ι,
1195 156 1218 189 u,
1233 155 1252 191 ο,
1266 146 1304 189 tus

228 304 311 385 prior
338 301 504 365 Hasdrubal
532 303 562 363 in
592 300 685 363 aciem
716 301 816 381 copias
847 301 961 373 eduxit,
994 299 1101 362 deinde
1130 310 1161 363 et
1182 301 1306 364 Romani

189 396 406 470 tprocesscre.
451 388 503 448 sed
532 397 657 465 utraque
687 386 764 448 acics
792 405 848 466 pro
878 386 955 448 uallo
983 385 1065 447 stetit
1092 386 1249 458 instructa,
1276 398 1307 448 et

227 493 296 536 oum
316 472 354 534 ab
377 473 490 534 neutris
511 489 613 551 pugna
634 480 739 551 coepta
762 481 848 545 esset,
870 472 928 532 iam
950 470 997 533 die
1018 471 1054 532 ad
1069 489 1206 533 occasum
1222 471 1307 532 incli-

229 567 318 620 nante
340 576 357 618 a
379 557 481 618 Poeno
504 556 597 636 prius,
619 556 727 618 deinde
748 556 784 617 ab
808 556 941 618 Romano
963 556 994 616 in
1018 564 1112 617 castra
1134 557 1238 636 copiae
1258 575 1307 618 re·
1359 553 1360 574 *

189 655 204 705 t
226 645 340 706 ductae.
369 642 427 703 boc
441 642 518 703 idern
534 659 589 721 per
603 642 666 704 dies
680 641 793 720 aliquot
807 642 929 702 lactum.
957 641 1041 721 prior
1055 658 1176 721 semper
1191 641 1307 704 Poenus
1328 655 1341 703 t

228 728 328 808 copias
350 727 452 788 castris
482 725 641 800 educebat,
670 726 754 806 prior
778 727 862 788 sessis
889 725 996 788 stando
1025 727 1144 805 signum
1174 727 1306 805 receptui

228 813 329 874 dabat:
359 812 396 891 ab
420 820 525 872 neutra
547 821 631 891 parte
656 829 833 891 procursum
862 812 993 872 telumue
1019 810 1141 872 missum
1171 819 1222 872 aut
1248 829 1305 872 uox

190 899 287 962 tuilu
309 906 384 959 orta.
427 896 553 957 mediam
576 896 669 956 aciem
692 897 764 958 hinc
784 896 920 969 Romani,
943 895 1026 956 illinc
1048 896 1306 974 Carthaginienses
1359 965 1360 980 χ

229 983 312 1044 mixti
335 981 427 1055 diris,
456 999 569 1043 cornua
590 981 664 1042 socii
687 980 893 1042 tenebant-
915 989 1001 1042 erant
1028 990 1127 1042 autem
1158 981 1306 1060 utrimque
1359 981 1360 1052 l

230 1067 352 1147 Hispani
375 1083 433 1139 -;
455 1083 512 1145 pro
535 1065 678 1127 cornibus
700 1075 768 1126 ante
792 1067 933 1128 Punicam
961 1065 1055 1126 aciem
1081 1065 1232 1146 elephanti
1260 1085 1308 1126 ca·
1328 1055 1360 1126 tt³

192 1152 382 1215 catellorum
410 1150 516 1230 procul
544 1151 674 1230 speciem
703 1149 896 1230 praebebant.
948 1150 1005 1211 iam
1036 1150 1095 1212 hoc
1116 1151 1148 1212 in
1172 1151 1306 1230 utrisque

230 1236 334 1299 castris
355 1234 503 1298 sermonis
525 1244 596 1309 erat,
619 1235 676 1308 ita,
699 1243 733 1296 ut
758 1235 894 1298 instructi
917 1235 1082 1308 stetissent,
1112 1245 1306 1315 pugnaturos,
1359 1303 1360 1306 ,

229 1322 341 1384 medias
369 1320 446 1381 acies
474 1319 643 1380 Romanum
672 1319 883 1400 Poenumque,
912 1338 988 1399 quos
1016 1319 1095 1381 inter
1123 1319 1193 1381 belli
1220 1339 1306 1382 carisa

192 1419 208 1469 θ
229 1415 317 1479 esset,
339 1405 403 1485 pari
425 1403 534 1466 robore
549 1405 717 1466 animorum
733 1423 942 1484 armorumque
957 1405 1168 1467 concursuros.
1207 1405 1306 1484 Scipio

230 1491 282 1552 ubi
303 1491 377 1552 baec
399 1489 548 1552 obstinate
569 1489 649 1549 credi
672 1489 896 1564 animaduertit,
925 1490 1024 1552 omnia
1047 1490 1084 1551 de
1108 1491 1258 1552 industria
1280 1493 1306 1552 in
1324 1497 1340 1546 rt

193 1589 297 1638 teum
320 1575 415 1649 diem,
446 1592 505 1653 quo
528 1582 715 1654 pugnaturus
737 1583 808 1650 erat,
837 1575 972 1637 mutauit.
1015 1583 1157 1636 tessaram
1190 1577 1306 1656 uesperi

231 1678 286 1740 per
307 1667 402 1721 castra
424 1658 518 1731 dedit,
540 1668 573 1720 ut
595 1668 665 1720 ante
686 1659 782 1720 lucem
807 1659 863 1722 uiri
886 1659 1014 1738 equique
1038 1659 1132 1720 curati
1155 1669 1186 1721 et
1207 1661 1306 1740 pransi
1359 1703 1360 1712 ,

231 1752 347 1817 essent,
381 1752 511 1804 armatus
540 1760 632 1822 eques
660 1744 794 1806 irenatos
823 1744 1021 1822 instratosque
1048 1753 1171 1808 ¹teneret
1205 1763 1306 1824 equos

193 1841 209 1892 8
230 1828 350 1890 uixdum
372 1827 443 1889 satis
464 1836 543 1888 certa
565 1829 633 1890 luce
655 1828 817 1907 equitatum
841 1847 960 1890 omnem
982 1846 1050 1890 cum
1072 1829 1131 1890 leui
1160 1839 1307 1892 armatura

232 1914 262 1974 in
286 1912 429 1974 stationes
450 1911 578 1974 Punicas
599 1913 735 1988 immisit;
763 1913 833 1975 inde
856 1914 1011 1975 confestim
1034 1914 1097 1993 ipsc
1126 1931 1195 1975 eum
1224 1915 1340 1993 grauis

192 2009 208 2059 e
230 1997 349 2077 agmine
360 1997 510 2076 legionum
522 1997 666 2076 procedit,
682 2006 801 2077 praeter
812 1999 986 2079 opinionem
998 1998 1170 2060 destinatam
1183 2017 1308 2060 suorum

230 2082 421 2161 hostiumque
435 2082 570 2144 Romano
592 2082 685 2145 milite
706 2082 848 2146 cornibus
869 2083 1001 2159 firmatis,
1023 2082 1111 2146 sociis
1133 2082 1163 2145 in
1182 2085 1309 2146 mediam
1359 2154 1360 2159 ἵ

230 2170 323 2231 aciem
344 2168 483 2247 acceptis.

180 2263 208 2315 tu
316 2252 481 2314 Hasdrubal
510 2252 640 2314 clamore
661 2252 796 2332 equitum
820 2253 963 2315 excitatus
991 2262 1025 2315 ut
1049 2270 1086 2314 eu
1115 2251 1309 2315 tabernaculo
1359 2290 1360 2305 ι

231 2338 369 2419 prosiluit
389 2338 609 2416 tumultumque
636 2345 705 2399 ante
735 2337 844 2400 uallum
874 2346 904 2399 et
930 2337 1158 2418 trepidationem
1185 2356 1311 2399 suorum
1331 2347 1360 2407 etl

232 2432 263 2483 et
283 2422 389 2502 procul
410 2422 493 2501 signa
517 2422 668 2501 legionum
691 2422 832 2502 fulgentia
855 2423 1019 2502 plenosque
1041 2422 1170 2484 bostium
1187 2441 1310 2503 campos

181 2515 208 2566 tt
231 2507 313 2581 uidit,
336 2506 498 2586 equitatum
520 2526 640 2569 omnem
663 2508 809 2588 extemplo
832 2508 861 2569 in
886 2508 1001 2586 equites
1016 2507 1138 2581 emittit;
1160 2506 1226 2588 ipse
1241 2526 1310 2569 cum

232 2590 364 2671 peditum
385 2592 504 2669 agmine
519 2592 623 2654 castris
638 2592 789 2671 egreditur
804 2611 860 2653 nec
876 2611 912 2653 ex
926 2592 1031 2653 ordine
1046 2591 1133 2654 solito
1149 2594 1310 2671 quicquam

181 2684 210 2735 12
232 2676 295 2737 acie
316 2676 490 2738 instruenda
506 2685 609 2737 mutat.
646 2677 780 2756 equitum
795 2676 852 2738 iam
868 2677 918 2738 diu
933 2695 1043 2757 anceps
1058 2695 1158 2757 pugna
1173 2687 1239 2739 erat
1254 2697 1313 2739 nec

233 2761 297 2840 ipsa
318 2778 373 2840 per
393 2780 427 2821 sc
449 2761 569 2822 decerni
591 2770 716 2841 poterat,
740 2762 808 2858 quia
830 2762 932 2841 pulsis,
956 2761 1036 2840 quod
1053 2779 1148 2842 prope
1164 2761 1196 2823 in
1212 2763 1316 2823 uicem
1339 2768 1360 2839 tt

181 2852 210 2903 ta
231 2844 329 2918 tiebat,
352 2845 383 2905 in
406 2844 498 2905 aciem
522 2846 653 2926 pediturn
667 2855 749 2908 tutus
770 2855 908 2926 receptus
923 2856 1002 2922 erat;
1024 2848 1075 2908 sed
1091 2846 1142 2907 ubi
1157 2847 1215 2909 iam
1232 2847 1317 2908 baud
1359 2844 1360 2857 ¹

232 2929 300 3008 plus
322 2928 504 3007 quingentos
525 2948 629 3010 passus
643 2931 722 2993 acies
744 2932 823 2993 inter
837 2950 902 2993 sese
916 2930 1050 3007 aberant,
1072 2931 1159 3011 signo
1175 2934 1319 3011 receptui

302 3113 315 3165 1
334 3114 362 3163 et
378 3126 429 3163 am.
448 3113 485 3163 Σ·
498 3111 535 3179 Ιδ
554 3113 659 3182 aliquod
677 3111 724 3180 ΡΙ
742 3115 758 3165 6
776 3114 867 3166 castris
885 3114 973 3180 copias
990 3114 1046 3167 2⁴?
1063 3116 1073 3182 Ι
1091 3117 1107 3168 9
1123 3114 1256 3183 utrimque
1276 3116 1322 3166 Σ3

234 3179 352 3246 utrisque
369 3178 412 3249 ΡΙ
426 3182 457 3234 10
481 3186 545 3233 ante
567 3197 614 3249 pro
632 3181 753 3234 cornibus
776 3182 904 3233 distinoeit
920 3182 1045 3249 Madvig,
1069 3188 1147 3235 antea
1162 3186 1227 3249 post
1245 3186 1321 3235 baec

231 3250 315 3299 uerba
332 3249 598 3317 interpungetaturll
613 3252 643 3304 11
662 3249 774 3316 speciem
793 3249 829 3299 ΣΙ
851 3250 962 3315 speciem
981 3252 1007 3303 ni
1024 3251 1128 3317 Piliam
1147 3251 1184 3300 2*
1202 3265 1246 3303 am
1267 3254 1322 3321 1²3

231 3317 333 3382 utrique
352 3316 393 3382 ΡΙ
408 3319 440 3369 12
458 3321 513 3368 erat
529 3317 565 3369 ita
583 3316 624 3367 Σ·
640 3319 674 3369 its
693 3322 749 3369 erat
765 3317 809 3383 ΡΙ
826 3319 856 3371 13
875 3319 946 3385 egles
965 3318 1063 3438 Pqtd
1079 3319 1254 3386 arborumque
1274 3321 1323 3387 1³¹,

232 3398 303 3437 corr.
320 3382 376 3451 Pp
392 3387 423 3437 to
440 3384 504 3436 haec
522 3385 546 3436 P
561 3385 609 3437 hec
625 3386 671 3436 uel
684 3384 733 3437 hoc
745 3384 783 3435 Σ*
794 3384 805 3465 q
818 3385 887 3437 credi
905 3386 942 3436 Σ
960 3401 1001 3438 ere
1019 3388 1054 3439 ita
1073 3387 1117 3451 ΡΙ
1128 3386 1324 3441 animaduertit

232 3450 271 3500 2³
292 3451 378 3504 animo
400 3452 512 3505 aduertit
531 3454 556 3504 P
574 3453 687 3505 animum
708 3451 820 3505 aduertit
839 3452 920 3505 Gron.
939 3456 948 3521 fl
966 3454 1076 3507 industia
1095 3455 1135 3517 ΡΙ,
1159 3470 1232 3507 corr.
1253 3454 1324 3523 ΡΙ

234 3519 265 3570 16
283 3520 385 3584 uesperi
402 3520 442 3571 Σ·
464 3520 558 3572 uesteri
580 3521 612 3571 1²¹
629 3520 712 3573 ueteri
729 3518 789 3587 1¹t
810 3524 841 3575 tu
859 3522 939 3575 curati
960 3528 987 3574 et
1005 3526 1026 3584 ς
1048 3520 1158 3588 Lipsius
1180 3524 1267 3575 curati
1288 3526 1323 3584 Ρ,

233 3600 284 3635 σπι.
303 3586 339 3633 Σι
352 3588 362 3652 Ι
373 3589 459 3652 pransi
478 3594 564 3640 essem
581 3590 605 3641 P
622 3589 782 3655 pransissent
799 3589 858 3657 ΣἿΙ
878 3592 909 3643 18
927 3604 1023 3657 equaes
1040 3590 1082 3657 Pp
1095 3591 1206 3642 insutos
1226 3606 1264 3643 ue
1284 3592 1322 3642 1²¹

232 3650 389 3718 istrutosque
409 3654 442 3705 ΡΞ
459 3661 605 3723 stratosque
624 3658 661 3708 2⁸
678 3657 688 3725 Ι
707 3657 735 3709 tt
758 3656 886 3723 legionum
911 3675 946 3709 ee·
964 3659 1101 3724 peg'onum
1120 3658 1152 3709 1²¹
1164 3662 1174 3722 Ι
1188 3674 1322 3777 oqonem

234 3716 275 3780 1²¹,
299 3732 369 3770 corr.
392 3720 426 3771 Ρ
441 3722 450 3787 ΙΙ
468 3726 500 3775 tt
520 3725 620 3790 equites
637 3724 709 3776 ΡΨ
732 3726 860 3790 emqultes
882 3725 939 3794 P¹fl
959 3728 991 3779 30
1009 3727 1065 3794 ipsa
1089 3740 1136 3793 per
1160 3740 1189 3779 se
1225 3729 1322 3780 ecerni

232 3786 335 3850 poterat
351 3799 404 3838 on.
420 3788 458 3836 ΣΙ
1173 3822 1177 3829 ·
