2734 4250
506 966 774 1052 PRAEFATIO

595 1160 697 1168 ———-

190 1294 367 1358 Emendatio
391 1292 535 1355 librorum
558 1292 592 1352 P.
608 1292 673 1354 Liui
697 1311 713 1353 a
736 1292 878 1354 uicesimo
899 1293 996 1373 primo
1019 1293 1053 1355 ad
1076 1294 1185 1355 uicesi-

109 1432 191 1474 mum
214 1413 350 1493 quintum
374 1430 436 1474 uno
461 1410 565 1472 nititur
585 1410 688 1472 codice
708 1411 843 1473 Parisino
865 1410 1066 1474 Bibliothecae
1083 1412 1183 1474 Natio·

113 1532 188 1592 natis
217 1533 313 1604 5730,
341 1531 452 1611 quippe
480 1547 516 1590 ex
540 1547 599 1609 quo
625 1539 755 1606 ceteros,
785 1531 836 1610 qui
859 1530 955 1591 adbuc
976 1532 1183 1603 innotuerunt,

111 1668 216 1712 omnes
243 1649 344 1712 ductos
372 1667 437 1712 esse
467 1656 599 1722 constet;
628 1648 749 1711 alterius
777 1649 857 1710 enim
879 1649 1078 1725 recensionis,
1108 1666 1184 1728 quae

110 1769 242 1850 Spirensi
266 1769 458 1850 cognatisque
481 1766 634 1830 codicibus
654 1767 796 1842 traditur,
824 1768 854 1829 in
884 1768 930 1830 his
959 1766 1044 1831 libris
1069 1768 1183 1830 nullum

109 1907 250 1970 apparere
278 1889 434 1968 uestigium
464 1888 495 1949 in
525 1887 642 1968 Proleg.
669 1886 704 1947 ad
733 1885 768 1946 Τ.
797 1886 863 1947 Liui
891 1887 920 1947 ll.
949 1886 1092 1948 XXVI—
1105 1886 1184 1947 XXX

108 2027 138 2086 p.
158 2007 223 2070 XXi
246 2025 312 2089 sqq.
336 2007 467 2088 exposui.

192 2128 220 2190 is
243 2128 351 2201 codex,
380 2127 430 2206 qui
454 2125 500 2187 Vl.
523 2125 641 2187 saeculo
664 2124 784 2187 uidetur
806 2133 941 2187 exaratus
963 2144 1027 2187 esse
1048 2136 1092 2199 et,
1115 2143 1183 2187 cum

112 2244 178 2305 olim
200 2245 313 2308 Claudii
336 2245 460 2307 Puteani
483 2244 582 2319 inerit,
605 2245 756 2307 Puteanus
777 2244 868 2323 uulgo
890 2252 1024 2320 uocatur,
1051 2264 1111 2306 non
1135 2246 1185 2305 in-

113 2372 192 2441 teger
218 2365 255 2427 ad
286 2375 417 2427 nostram
447 2374 571 2426 aetatem
601 2365 754 2443 peruenit:
781 2382 817 2423 er
839 2362 915 2423 libro
939 2363 1018 2423 enim
1041 2364 1183 2426 uicesimo

115 2482 203 2558 primo
225 2483 443 2545 interciderunt
465 2500 498 2544 ea
520 2481 599 2557 folia,
622 2482 730 2562 quibus
752 2479 987 2543 continebantur
1007 2481 1099 2543 uerba
1119 2481 1184 2543 Liui

33 2576 34 2643 ἶ
116 2606 243 2681 acap.1
271 2601 306 2663 ad
322 2620 386 2683 csp.
403 2602 488 2679 20,8
510 2602 629 2665 subinde
650 2619 724 2663 ouro
745 2620 790 2676 co,
813 2618 829 2660 a
851 2618 916 2681 cap.
933 2603 1038 2673 21‚13
1064 2600 1184 2663 Cortbo·

34 2800 35 2811 ἵ
112 2723 172 2797 qioi
183 2721 329 2801 pracsidio
345 2722 380 2783 ad
397 2740 462 2802 cap.
478 2724 530 2793 29,
546 2724 566 2785 6
584 2720 773 2801 odfinnontes
788 2724 829 2793 in,
853 2738 869 2780 e
892 2738 957 2800 cap.
982 2722 1032 2795 30,
1051 2722 1086 2783 11
1102 2738 1184 2799 posse

34 2820 35 2829 ἵ
114 2834 221 2901 Poenus
251 2840 287 2901 ad
310 2856 374 2920 cap.
397 2844 450 2916 41,
474 2842 514 2905 13
535 2838 618 2902 cobis
639 2848 666 2901 et
686 2856 747 2901 oon
765 2857 831 2920 pro.
875 2840 909 2901 ln
936 2841 991 2903 has
1012 2848 1111 2921 partes
1132 2838 1183 2898 ad·

112 2959 244 3019 sumendi
267 2968 338 3020 sunt
360 2958 385 3019 ei
409 2958 526 3020 codices
548 2976 564 3019 a
586 2958 720 3021 Puteano
744 2957 886 3034 decincti,
914 2960 965 3038 qui
991 2956 1183 3021 uetustissimi

35 3094 37 3163 ζ
113 3074 291 3157 minimeque
313 3075 482 3155 interpolati
505 3084 593 3150 sunt,
623 3076 814 3141 Coibertinus
842 3078 905 3140 siue
927 3079 1077 3140 Parisinus
1100 3076 1179 3140 5731

111 3200 138 3252 et
164 3193 313 3257 Mediceus
341 3195 405 3257 siue
433 3192 651 3259 Laurentianus
677 3195 850 3272 LX11120,
881 3205 1006 3276 uterque
1034 3214 1110 3257 saec.
1133 3194 1182 3256 XI.

113 3312 256 3392 scriptus;
284 3331 352 3375 nam
382 3314 412 3375 in
437 3314 578 3376 Vaticano
600 3314 761 3393 Reginenai
785 3319 847 3381 762
869 3335 945 3379 saec.
969 3314 1017 3376 lX.
1040 3312 1116 3377 liber
1138 3315 1183 3377 ui·

114 3430 237 3495 desimus
252 3433 365 3512 primus
379 3442 459 3495 totus
474 3434 571 3516 periit.
604 3433 665 3496 Hos
680 3444 741 3496 tres
757 3434 873 3497 codices
888 3434 951 3514 ipse
973 3434 1072 3496 denuo
1095 3451 1183 3514 quam

114 3548 192 3625 potui
216 3550 437 3630 diligentissime
459 3552 581 3614 contuli.
618 3584 625 3593 ·

196 3669 230 3731 ln
247 3670 378 3733 Puteano
398 3671 550 3752 complura
572 3670 711 3733 librarius
732 3671 810 3733 inter
824 3670 1015 3734 scribendum
1030 3672 1094 3750 ipsc
1116 3688 1183 3731 cor-

116 3786 202 3861 rerit3
238 3790 328 3852 multa
355 3790 545 3871 interpolauit
573 3789 681 3865 altera,
715 3790 892 3870 paucissima
925 3789 1011 3852 tertia
1040 3793 1183 3870 quaedam
