<?xml version="1.0" encoding="UTF-8"?>
<!DOCTYPE html PUBLIC "-//W3C//DTD XHTML 1.0 Transitional//EN"
    "http://www.w3.org/TR/xhtml1/DTD/xhtml1-transitional.dtd">
<html xmlns="http://www.w3.org/1999/xhtml" xml:lang="en" lang="en">
 <head>
  <title>
</title>
<meta http-equiv="Content-Type" content="text/html;charset=utf-8" />
  <meta name='ocr-system' content='tesseract 3.04.00' />
  <meta name='ocr-capabilities' content='ocr_page ocr_carea ocr_par ocr_line ocrx_word'/>
</head>
<body>
  <div class='ocr_page' id='page_1' title='image "./aburbeconditali00paasgoog_0054.png"; bbox 0 0 2734 4250; ppageno 0'>
   <div class='ocr_carea' id='block_1_1' title="bbox 181 74 1358 169">
    <p class='ocr_par' dir='ltr' id='par_1_1' title="bbox 181 74 1358 169">
     <span class='ocr_line' id='line_1_1' title="bbox 181 74 1358 169; baseline 0.015 -45"><span class='ocrx_word' id='word_1_1' title='bbox 181 81 221 140; x_wconf 86' lang='lat'>40</span> <span class='ocrx_word' id='word_1_2' title='bbox 562 79 658 132; x_wconf 81' lang='lat' dir='ltr'>trena</span> <span class='ocrx_word' id='word_1_3' title='bbox 675 79 740 147; x_wconf 81' lang='lat' dir='ltr'>xxi,</span> <span class='ocrx_word' id='word_1_4' title='bbox 758 83 859 132; x_wconf 78' lang='lat'>41-43</span> <span class='ocrx_word' id='word_1_5' title='bbox 1126 97 1261 140; x_wconf 51' lang='lat' dir='ltr'>auses</span> <span class='ocrx_word' id='word_1_6' title='bbox 1353 74 1358 169; x_wconf 52' lang='grc' dir='ltr'>ζ</span> 
     </span>
    </p>
   </div>
   <div class='ocr_carea' id='block_1_2' title="bbox 130 250 1367 3138">
    <p class='ocr_par' dir='ltr' id='par_1_2' title="bbox 180 250 1263 420">
     <span class='ocr_line' id='line_1_2' title="bbox 180 250 1261 332; baseline -0.004 -15"><span class='ocrx_word' id='word_1_7' title='bbox 180 254 259 317; x_wconf 91' lang='lat' dir='ltr'>hosti</span> <span class='ocrx_word' id='word_1_8' title='bbox 282 252 413 328; x_wconf 89' lang='lat' dir='ltr'>obsistat,</span> <span class='ocrx_word' id='word_1_9' title='bbox 436 271 492 313; x_wconf 91' lang='lat' dir='ltr'>nec</span> <span class='ocrx_word' id='word_1_10' title='bbox 507 252 596 332; x_wconf 82' lang='lat' dir='ltr'>Alpes</span> <span class='ocrx_word' id='word_1_11' title='bbox 615 251 688 313; x_wconf 91' lang='lat' dir='ltr'>aliae</span> <span class='ocrx_word' id='word_1_12' title='bbox 709 261 790 326; x_wconf 89' lang='lat' dir='ltr'>sunt,</span> <span class='ocrx_word' id='word_1_13' title='bbox 812 269 886 331; x_wconf 92' lang='lat' dir='ltr'>quas</span> <span class='ocrx_word' id='word_1_14' title='bbox 908 250 979 312; x_wconf 93' lang='lat' dir='ltr'>dum</span> <span class='ocrx_word' id='word_1_15' title='bbox 1000 261 1154 332; x_wconf 89' lang='lat' dir='ltr'>superant,</span> <span class='ocrx_word' id='word_1_16' title='bbox 1177 271 1261 314; x_wconf 91' lang='lat' dir='ltr'>com·</span> 
     </span>
     <span class='ocr_line' id='line_1_3' title="bbox 180 336 1263 420; baseline -0.001 -20"><span class='ocrx_word' id='word_1_17' title='bbox 180 339 276 420; x_wconf 91' lang='lat' dir='ltr'>parari</span> <span class='ocrx_word' id='word_1_18' title='bbox 292 356 370 400; x_wconf 91' lang='lat' dir='ltr'>noua</span> <span class='ocrx_word' id='word_1_19' title='bbox 385 338 502 419; x_wconf 78' lang='lat' dir='ltr'><strong>possint</strong></span> <span class='ocrx_word' id='word_1_20' title='bbox 516 336 669 417; x_wconf 89' lang='lat' dir='ltr'>praesidia.</span> <span class='ocrx_word' id='word_1_21' title='bbox 707 337 755 397; x_wconf 91' lang='lat' dir='ltr'>hic</span> <span class='ocrx_word' id='word_1_22' title='bbox 770 346 816 398; x_wconf 91' lang='lat' dir='ltr'>est</span> <span class='ocrx_word' id='word_1_23' title='bbox 830 336 1016 412; x_wconf 87' lang='lat' dir='ltr'>obstandum,</span> <span class='ocrx_word' id='word_1_24' title='bbox 1037 337 1156 411; x_wconf 82' lang='lat' dir='ltr'>milites,</span> <span class='ocrx_word' id='word_1_25' title='bbox 1177 338 1263 399; x_wconf 87' lang='lat' dir='ltr'>uelut</span> 
     </span>
    </p>

    <p class='ocr_par' dir='ltr' id='par_1_3' title="bbox 130 422 1303 760">
     <span class='ocr_line' id='line_1_4' title="bbox 130 422 1261 502; baseline -0.002 -16"><span class='ocrx_word' id='word_1_26' title='bbox 130 434 160 486; x_wconf 86' lang='grc'>16</span> <span class='ocrx_word' id='word_1_27' title='bbox 180 425 204 486; x_wconf 87' lang='lat' dir='ltr'>si</span> <span class='ocrx_word' id='word_1_28' title='bbox 228 435 296 485; x_wconf 93' lang='lat' dir='ltr'>ante</span> <span class='ocrx_word' id='word_1_29' title='bbox 306 424 440 484; x_wconf 85' lang='lat' dir='ltr'>Romana</span> <span class='ocrx_word' id='word_1_30' title='bbox 455 422 572 485; x_wconf 91' lang='lat' dir='ltr'>moenia</span> <span class='ocrx_word' id='word_1_31' title='bbox 589 440 767 502; x_wconf 80' lang='lat' dir='ltr'><strong>pugnemus.</strong></span> <span class='ocrx_word' id='word_1_32' title='bbox 792 441 870 484; x_wconf 90' lang='lat' dir='ltr'>unus</span> <span class='ocrx_word' id='word_1_33' title='bbox 882 422 1009 500; x_wconf 90' lang='lat' dir='ltr'>quisque</span> <span class='ocrx_word' id='word_1_34' title='bbox 1023 441 1054 484; x_wconf 90' lang='lat' dir='ltr'>se</span> <span class='ocrx_word' id='word_1_35' title='bbox 1070 441 1132 484; x_wconf 96' lang='lat' dir='ltr'>non</span> <span class='ocrx_word' id='word_1_36' title='bbox 1149 441 1261 502; x_wconf 88' lang='lat' dir='ltr'>corpus</span> 
     </span>
     <span class='ocr_line' id='line_1_5' title="bbox 181 506 1261 587; baseline -0.003 -16"><span class='ocrx_word' id='word_1_37' title='bbox 181 528 268 572; x_wconf 90' lang='lat' dir='ltr'>suum</span> <span class='ocrx_word' id='word_1_38' title='bbox 291 510 340 570; x_wconf 90' lang='lat' dir='ltr'>sed</span> <span class='ocrx_word' id='word_1_39' title='bbox 365 509 522 587; x_wconf 86' lang='lat' dir='ltr'>coniugem</span> <span class='ocrx_word' id='word_1_40' title='bbox 544 524 578 569; x_wconf 89' lang='lat' dir='ltr'>ac</span> <span class='ocrx_word' id='word_1_41' title='bbox 600 506 711 567; x_wconf 89' lang='lat' dir='ltr'>liberos</span> <span class='ocrx_word' id='word_1_42' title='bbox 733 525 843 586; x_wconf 91' lang='lat' dir='ltr'>paruos</span> <span class='ocrx_word' id='word_1_43' title='bbox 868 506 957 568; x_wconf 89' lang='lat' dir='ltr'>armis</span> <span class='ocrx_word' id='word_1_44' title='bbox 979 516 1138 587; x_wconf 78' lang='lat' dir='ltr'>protegere</span> <span class='ocrx_word' id='word_1_45' title='bbox 1159 519 1261 587; x_wconf 83' lang='lat' dir='ltr'>putet3</span> 
     </span>
     <span class='ocr_line' id='line_1_6' title="bbox 183 591 1303 672; baseline -0.004 -17"><span class='ocrx_word' id='word_1_46' title='bbox 183 613 239 656; x_wconf 88' lang='lat' dir='ltr'>nec</span> <span class='ocrx_word' id='word_1_47' title='bbox 262 594 437 656; x_wconf 89' lang='lat' dir='ltr'>domesticas</span> <span class='ocrx_word' id='word_1_48' title='bbox 460 593 555 654; x_wconf 89' lang='lat' dir='ltr'>solum</span> <span class='ocrx_word' id='word_1_49' title='bbox 579 592 668 672; x_wconf 80' lang='lat' dir='ltr'>agitet</span> <span class='ocrx_word' id='word_1_50' title='bbox 691 609 792 666; x_wconf 90' lang='lat' dir='ltr'>curas,</span> <span class='ocrx_word' id='word_1_51' title='bbox 821 593 872 654; x_wconf 89' lang='lat' dir='ltr'>sed</span> <span class='ocrx_word' id='word_1_52' title='bbox 899 591 1058 653; x_wconf 86' lang='lat' dir='ltr'>identidem</span> <span class='ocrx_word' id='word_1_53' title='bbox 1081 593 1139 654; x_wconf 91' lang='lat' dir='ltr'>hoc</span> <span class='ocrx_word' id='word_1_54' title='bbox 1162 593 1303 654; x_wconf 72' lang='lat' dir='ltr'>animoa</span> 
     </span>
     <span class='ocr_line' id='line_1_7' title="bbox 182 677 1263 760; baseline -0.002 -20"><span class='ocrx_word' id='word_1_55' title='bbox 182 687 310 760; x_wconf 91' lang='lat' dir='ltr'>reputet,</span> <span class='ocrx_word' id='word_1_56' title='bbox 333 687 450 740; x_wconf 89' lang='lat' dir='ltr'>nostras</span> <span class='ocrx_word' id='word_1_57' title='bbox 466 695 547 739; x_wconf 88' lang='lat' dir='ltr'>nunc</span> <span class='ocrx_word' id='word_1_58' title='bbox 563 677 672 738; x_wconf 90' lang='lat' dir='ltr'>intueri</span> <span class='ocrx_word' id='word_1_59' title='bbox 695 695 801 738; x_wconf 92' lang='lat' dir='ltr'>manus</span> <span class='ocrx_word' id='word_1_60' title='bbox 823 684 958 739; x_wconf 92' lang='lat' dir='ltr'>senatum</span> <span class='ocrx_word' id='word_1_61' title='bbox 981 677 1185 757; x_wconf 85' lang='lat' dir='ltr'>populumque</span> <span class='ocrx_word' id='word_1_62' title='bbox 1200 677 1263 738; x_wconf 82' lang='lat' dir='ltr'>llo·</span> 
     </span>
    </p>

    <p class='ocr_par' dir='ltr' id='par_1_4' title="bbox 132 761 1262 926">
     <span class='ocr_line' id='line_1_8' title="bbox 132 761 1262 862; baseline -0.003 -37"><span class='ocrx_word' id='word_1_63' title='bbox 132 774 161 825; x_wconf 85' lang='lat' dir='ltr'>lt</span> <span class='ocrx_word' id='word_1_64' title='bbox 182 782 318 826; x_wconf 90' lang='lat' dir='ltr'>manum:</span> <span class='ocrx_word' id='word_1_65' title='bbox 347 763 440 842; x_wconf 90' lang='lat' dir='ltr'>qualis</span> <span class='ocrx_word' id='word_1_66' title='bbox 463 771 562 824; x_wconf 91' lang='lat' dir='ltr'>nostra</span> <span class='ocrx_word' id='word_1_67' title='bbox 585 761 631 823; x_wconf 92' lang='lat' dir='ltr'>uis</span> <span class='ocrx_word' id='word_1_68' title='bbox 652 761 809 840; x_wconf 89' lang='lat' dir='ltr'>uirtusque</span> <span class='ocrx_word' id='word_1_69' title='bbox 831 762 936 862; x_wconf 76' lang='lat' dir='ltr'>luerit3</span> <span class='ocrx_word' id='word_1_70' title='bbox 959 761 1046 823; x_wconf 91' lang='lat' dir='ltr'>talem</span> <span class='ocrx_word' id='word_1_71' title='bbox 1069 762 1177 824; x_wconf 91' lang='lat' dir='ltr'>deinde</span> <span class='ocrx_word' id='word_1_72' title='bbox 1199 765 1262 822; x_wconf 91' lang='lat' dir='ltr'>lor-</span> 
     </span>
     <span class='ocr_line' id='line_1_9' title="bbox 184 846 928 926; baseline -0.004 -16"><span class='ocrx_word' id='word_1_73' title='bbox 184 858 287 911; x_wconf 91' lang='lat' dir='ltr'>tunam</span> <span class='ocrx_word' id='word_1_74' title='bbox 309 848 387 909; x_wconf 93' lang='lat' dir='ltr'>illius</span> <span class='ocrx_word' id='word_1_75' title='bbox 409 846 491 908; x_wconf 90' lang='lat' dir='ltr'>urbis</span> <span class='ocrx_word' id='word_1_76' title='bbox 514 865 548 908; x_wconf 93' lang='lat' dir='ltr'>ac</span> <span class='ocrx_word' id='word_1_77' title='bbox 569 846 696 907; x_wconf 85' lang='lat' dir='ltr'>Romani</span> <span class='ocrx_word' id='word_1_78' title='bbox 718 846 833 926; x_wconf 83' lang='lat' dir='ltr'>imperii</span> <span class='ocrx_word' id='word_1_79' title='bbox 855 848 928 907; x_wconf 85' lang='lat' dir='ltr'>lore.</span> 
     </span>
    </p>

    <p class='ocr_par' dir='ltr' id='par_1_5' title="bbox 131 930 1358 1359">
     <span class='ocr_line' id='line_1_10' title="bbox 131 930 1264 1012; baseline -0.004 -16"><span class='ocrx_word' id='word_1_80' title='bbox 131 941 170 996; x_wconf 72' lang='lat'>42</span> <span class='ocrx_word' id='word_1_81' title='bbox 270 932 350 994; x_wconf 85' lang='lat' dir='ltr'>llaec</span> <span class='ocrx_word' id='word_1_82' title='bbox 373 941 444 1012; x_wconf 90' lang='lat' dir='ltr'>aput</span> <span class='ocrx_word' id='word_1_83' title='bbox 460 931 610 992; x_wconf 85' lang='lat' dir='ltr'>Romanos</span> <span class='ocrx_word' id='word_1_84' title='bbox 632 931 748 993; x_wconf 90' lang='lat' dir='ltr'>consul.</span> <span class='ocrx_word' id='word_1_85' title='bbox 784 931 933 992; x_wconf 83' lang='lat' dir='ltr'>Hannibal</span> <span class='ocrx_word' id='word_1_86' title='bbox 954 930 1045 993; x_wconf 89' lang='lat' dir='ltr'>rebus</span> <span class='ocrx_word' id='word_1_87' title='bbox 1066 932 1150 1011; x_wconf 88' lang='lat' dir='ltr'>prius</span> <span class='ocrx_word' id='word_1_88' title='bbox 1171 950 1264 1010; x_wconf 90' lang='lat' dir='ltr'>quam</span> 
     </span>
     <span class='ocr_line' id='line_1_11' title="bbox 184 1015 1320 1097; baseline -0.003 -18"><span class='ocrx_word' id='word_1_89' title='bbox 184 1017 284 1079; x_wconf 93' lang='lat' dir='ltr'>uerbis</span> <span class='ocrx_word' id='word_1_90' title='bbox 314 1017 514 1078; x_wconf 91' lang='lat' dir='ltr'>adhortandos</span> <span class='ocrx_word' id='word_1_91' title='bbox 541 1016 649 1078; x_wconf 90' lang='lat' dir='ltr'>milites</span> <span class='ocrx_word' id='word_1_92' title='bbox 681 1025 762 1077; x_wconf 90' lang='lat' dir='ltr'>ratus</span> <span class='ocrx_word' id='word_1_93' title='bbox 788 1015 970 1078; x_wconf 89' lang='lat' dir='ltr'>circumdato</span> <span class='ocrx_word' id='word_1_94' title='bbox 996 1018 1032 1078; x_wconf 93' lang='lat' dir='ltr'>ad</span> <span class='ocrx_word' id='word_1_95' title='bbox 1059 1017 1265 1097; x_wconf 80' lang='lat' dir='ltr'>spectaculum</span> <span class='ocrx_word' id='word_1_96' title='bbox 1292 1026 1320 1077; x_wconf 83' lang='lat' dir='ltr'>tu</span> 
     </span>
     <span class='ocr_line' id='line_1_12' title="bbox 185 1100 1266 1183; baseline 0.001 -20"><span class='ocrx_word' id='word_1_97' title='bbox 185 1103 315 1164; x_wconf 79' lang='lat' dir='ltr'>exercitu</span> <span class='ocrx_word' id='word_1_98' title='bbox 340 1103 473 1183; x_wconf 91' lang='lat' dir='ltr'>captiuos</span> <span class='ocrx_word' id='word_1_99' title='bbox 494 1110 653 1164; x_wconf 88' lang='lat' dir='ltr'>montanos</span> <span class='ocrx_word' id='word_1_100' title='bbox 675 1102 795 1162; x_wconf 91' lang='lat' dir='ltr'>uinctos</span> <span class='ocrx_word' id='word_1_101' title='bbox 816 1100 847 1162; x_wconf 91' lang='lat' dir='ltr'>in</span> <span class='ocrx_word' id='word_1_102' title='bbox 869 1101 967 1162; x_wconf 91' lang='lat' dir='ltr'>medio</span> <span class='ocrx_word' id='word_1_103' title='bbox 990 1101 1092 1163; x_wconf 86' lang='lat' dir='ltr'>statuit</span> <span class='ocrx_word' id='word_1_104' title='bbox 1113 1101 1266 1181; x_wconf 79' lang='lat' dir='ltr'>murisque</span> 
     </span>
     <span class='ocr_line' id='line_1_13' title="bbox 185 1186 1266 1268; baseline -0.001 -20"><span class='ocrx_word' id='word_1_105' title='bbox 185 1187 303 1250; x_wconf 85' lang='lat' dir='ltr'>Gallicis</span> <span class='ocrx_word' id='word_1_106' title='bbox 331 1199 400 1249; x_wconf 91' lang='lat' dir='ltr'>ante</span> <span class='ocrx_word' id='word_1_107' title='bbox 430 1188 520 1268; x_wconf 91' lang='lat' dir='ltr'>pedes</span> <span class='ocrx_word' id='word_1_108' title='bbox 549 1204 652 1248; x_wconf 93' lang='lat' dir='ltr'>eorum</span> <span class='ocrx_word' id='word_1_109' title='bbox 682 1187 822 1266; x_wconf 90' lang='lat' dir='ltr'>proiectis</span> <span class='ocrx_word' id='word_1_110' title='bbox 852 1186 1038 1265; x_wconf 89' lang='lat' dir='ltr'>interrogare</span> <span class='ocrx_word' id='word_1_111' title='bbox 1066 1187 1266 1266; x_wconf 81' lang='lat' dir='ltr'>interpretem</span> 
     </span>
     <span class='ocr_line' id='line_1_14' title="bbox 185 1272 1358 1359; baseline -0.003 -24"><span class='ocrx_word' id='word_1_112' title='bbox 185 1273 285 1346; x_wconf 92' lang='lat' dir='ltr'>iussit,</span> <span class='ocrx_word' id='word_1_113' title='bbox 315 1273 431 1351; x_wconf 89' lang='lat' dir='ltr'>ecquis,</span> <span class='ocrx_word' id='word_1_114' title='bbox 454 1273 477 1334; x_wconf 92' lang='lat' dir='ltr'>si</span> <span class='ocrx_word' id='word_1_115' title='bbox 501 1272 629 1333; x_wconf 90' lang='lat' dir='ltr'>uinculis</span> <span class='ocrx_word' id='word_1_116' title='bbox 651 1272 800 1333; x_wconf 90' lang='lat' dir='ltr'>leuaretur</span> <span class='ocrx_word' id='word_1_117' title='bbox 820 1289 960 1351; x_wconf 88' lang='lat' dir='ltr'>armaque</span> <span class='ocrx_word' id='word_1_118' title='bbox 982 1279 1012 1332; x_wconf 92' lang='lat' dir='ltr'>et</span> <span class='ocrx_word' id='word_1_119' title='bbox 1034 1288 1144 1351; x_wconf 89' lang='lat' dir='ltr'>equum</span> <span class='ocrx_word' id='word_1_120' title='bbox 1167 1272 1268 1332; x_wconf 89' lang='lat' dir='ltr'>uictor</span> <span class='ocrx_word' id='word_1_121' title='bbox 1349 1288 1358 1359; x_wconf 74' lang='lat' dir='ltr'>q</span> 
     </span>
    </p>

    <p class='ocr_par' dir='ltr' id='par_1_6' title="bbox 147 1356 1320 1524">
     <span class='ocr_line' id='line_1_15' title="bbox 147 1356 1267 1439; baseline -0.002 -20"><span class='ocrx_word' id='word_1_122' title='bbox 147 1369 162 1419; x_wconf 82' lang='grc'>1</span> <span class='ocrx_word' id='word_1_123' title='bbox 185 1359 341 1439; x_wconf 89' lang='lat' dir='ltr'>acciperet,</span> <span class='ocrx_word' id='word_1_124' title='bbox 364 1360 516 1420; x_wconf 89' lang='lat' dir='ltr'>decertare</span> <span class='ocrx_word' id='word_1_125' title='bbox 538 1358 618 1419; x_wconf 84' lang='lat' dir='ltr'>ferro</span> <span class='ocrx_word' id='word_1_126' title='bbox 640 1357 741 1418; x_wconf 89' lang='lat' dir='ltr'>uellet.</span> <span class='ocrx_word' id='word_1_127' title='bbox 777 1375 846 1418; x_wconf 90' lang='lat' dir='ltr'>cum</span> <span class='ocrx_word' id='word_1_128' title='bbox 862 1356 898 1417; x_wconf 89' lang='lat' dir='ltr'>ad</span> <span class='ocrx_word' id='word_1_129' title='bbox 915 1375 1008 1417; x_wconf 92' lang='lat' dir='ltr'>unum</span> <span class='ocrx_word' id='word_1_130' title='bbox 1023 1375 1129 1418; x_wconf 90' lang='lat' dir='ltr'>omnes</span> <span class='ocrx_word' id='word_1_131' title='bbox 1150 1357 1267 1417; x_wconf 90' lang='lat' dir='ltr'>ferrum</span> 
     </span>
     <span class='ocr_line' id='line_1_16' title="bbox 185 1441 1320 1524; baseline -0.004 -19"><span class='ocrx_word' id='word_1_132' title='bbox 185 1462 377 1524; x_wconf 83' lang='lat' dir='ltr'>pugnamque</span> <span class='ocrx_word' id='word_1_133' title='bbox 400 1451 559 1524; x_wconf 89' lang='lat' dir='ltr'>poscerent</span> <span class='ocrx_word' id='word_1_134' title='bbox 581 1451 611 1504; x_wconf 89' lang='lat' dir='ltr'>et</span> <span class='ocrx_word' id='word_1_135' title='bbox 632 1442 746 1504; x_wconf 92' lang='lat' dir='ltr'>deiecta</span> <span class='ocrx_word' id='word_1_136' title='bbox 768 1442 798 1502; x_wconf 92' lang='lat' dir='ltr'>in</span> <span class='ocrx_word' id='word_1_137' title='bbox 821 1441 851 1502; x_wconf 94' lang='lat' dir='ltr'>id</span> <span class='ocrx_word' id='word_1_138' title='bbox 873 1460 938 1503; x_wconf 91' lang='lat' dir='ltr'>sors</span> <span class='ocrx_word' id='word_1_139' title='bbox 960 1449 1052 1514; x_wconf 88' lang='lat' dir='ltr'>esset,</span> <span class='ocrx_word' id='word_1_140' title='bbox 1081 1460 1115 1502; x_wconf 91' lang='lat' dir='ltr'>se</span> <span class='ocrx_word' id='word_1_141' title='bbox 1136 1442 1268 1520; x_wconf 90' lang='lat' dir='ltr'>quisque</span> <span class='ocrx_word' id='word_1_142' title='bbox 1292 1451 1320 1500; x_wconf 82' lang='lat'>15</span> 
     </span>
    </p>

    <p class='ocr_par' dir='ltr' id='par_1_7' title="bbox 148 1526 1268 1692">
     <span class='ocr_line' id='line_1_17' title="bbox 148 1526 1268 1608; baseline 0 -20"><span class='ocrx_word' id='word_1_143' title='bbox 148 1539 252 1591; x_wconf 84' lang='lat' dir='ltr'>aeum</span> <span class='ocrx_word' id='word_1_144' title='bbox 275 1529 405 1608; x_wconf 86' lang='lat' dir='ltr'>optabat,</span> <span class='ocrx_word' id='word_1_145' title='bbox 428 1546 516 1606; x_wconf 91' lang='lat' dir='ltr'>quem</span> <span class='ocrx_word' id='word_1_146' title='bbox 540 1529 659 1589; x_wconf 88' lang='lat' dir='ltr'>lortuna</span> <span class='ocrx_word' id='word_1_147' title='bbox 682 1528 713 1588; x_wconf 93' lang='lat' dir='ltr'>in</span> <span class='ocrx_word' id='word_1_148' title='bbox 736 1526 765 1588; x_wconf 95' lang='lat' dir='ltr'>id</span> <span class='ocrx_word' id='word_1_149' title='bbox 787 1537 937 1588; x_wconf 91' lang='lat' dir='ltr'>certamen</span> <span class='ocrx_word' id='word_1_150' title='bbox 960 1527 1089 1605; x_wconf 90' lang='lat' dir='ltr'>legeret;</span> <span class='ocrx_word' id='word_1_151' title='bbox 1118 1527 1268 1605; x_wconf 88' lang='lat' dir='ltr'>cuiusque</span> 
     </span>
     <span class='ocr_line' id='line_1_18' title="bbox 187 1612 1267 1692; baseline -0.002 -17"><span class='ocrx_word' id='word_1_152' title='bbox 187 1633 252 1675; x_wconf 92' lang='lat' dir='ltr'>sors</span> <span class='ocrx_word' id='word_1_153' title='bbox 268 1614 426 1686; x_wconf 82' lang='lat' dir='ltr'>exciderat,</span> <span class='ocrx_word' id='word_1_154' title='bbox 448 1612 545 1675; x_wconf 86' lang='lat' dir='ltr'>alacer</span> <span class='ocrx_word' id='word_1_155' title='bbox 560 1613 637 1674; x_wconf 90' lang='lat' dir='ltr'>inter</span> <span class='ocrx_word' id='word_1_156' title='bbox 651 1612 833 1692; x_wconf 84' lang='lat' dir='ltr'>gratulantes</span> <span class='ocrx_word' id='word_1_157' title='bbox 853 1613 959 1690; x_wconf 88' lang='lat' dir='ltr'>gaudio</span> <span class='ocrx_word' id='word_1_158' title='bbox 976 1612 1112 1673; x_wconf 81' lang='lat' dir='ltr'>exultans</span> <span class='ocrx_word' id='word_1_159' title='bbox 1134 1629 1202 1673; x_wconf 93' lang='lat' dir='ltr'>cum</span> <span class='ocrx_word' id='word_1_160' title='bbox 1218 1613 1267 1674; x_wconf 91' lang='lat' dir='ltr'>sui</span> 
     </span>
    </p>

    <p class='ocr_par' dir='ltr' id='par_1_8' title="bbox 149 1696 1321 1948">
     <span class='ocr_line' id='line_1_19' title="bbox 149 1696 1269 1778; baseline -0.001 -19"><span class='ocrx_word' id='word_1_161' title='bbox 149 1709 165 1759; x_wconf 80' lang='lat' dir='ltr'>t</span> <span class='ocrx_word' id='word_1_162' title='bbox 186 1699 278 1760; x_wconf 89' lang='lat' dir='ltr'>moris</span> <span class='ocrx_word' id='word_1_163' title='bbox 299 1697 436 1778; x_wconf 90' lang='lat' dir='ltr'>tripudiis</span> <span class='ocrx_word' id='word_1_164' title='bbox 458 1714 539 1758; x_wconf 89' lang='lat' dir='ltr'>arma</span> <span class='ocrx_word' id='word_1_165' title='bbox 553 1699 661 1778; x_wconf 89' lang='lat' dir='ltr'>raptim</span> <span class='ocrx_word' id='word_1_166' title='bbox 684 1697 827 1778; x_wconf 88' lang='lat' dir='ltr'>capiebat.</span> <span class='ocrx_word' id='word_1_167' title='bbox 865 1696 917 1772; x_wconf 85' lang='lat' dir='ltr'>ubi</span> <span class='ocrx_word' id='word_1_168' title='bbox 938 1714 1011 1758; x_wconf 90' lang='lat' dir='ltr'>uero</span> <span class='ocrx_word' id='word_1_169' title='bbox 1033 1696 1218 1770; x_wconf 81' lang='lat' dir='ltr'>dimicarent,</span> <span class='ocrx_word' id='word_1_170' title='bbox 1239 1697 1269 1759; x_wconf 93' lang='lat' dir='ltr'>is</span> 
     </span>
     <span class='ocr_line' id='line_1_20' title="bbox 185 1781 1269 1849; baseline -0.001 -4"><span class='ocrx_word' id='word_1_171' title='bbox 185 1783 304 1845; x_wconf 91' lang='lat' dir='ltr'>habitus</span> <span class='ocrx_word' id='word_1_172' title='bbox 319 1784 486 1844; x_wconf 86' lang='lat' dir='ltr'>animorum</span> <span class='ocrx_word' id='word_1_173' title='bbox 509 1803 570 1844; x_wconf 92' lang='lat' dir='ltr'>non</span> <span class='ocrx_word' id='word_1_174' title='bbox 587 1783 664 1842; x_wconf 93' lang='lat' dir='ltr'>inter</span> <span class='ocrx_word' id='word_1_175' title='bbox 680 1782 810 1844; x_wconf 88' lang='lat' dir='ltr'>eiusdem</span> <span class='ocrx_word' id='word_1_176' title='bbox 825 1783 913 1843; x_wconf 92' lang='lat' dir='ltr'>modo</span> <span class='ocrx_word' id='word_1_177' title='bbox 929 1781 1114 1849; x_wconf 89' lang='lat' dir='ltr'>condicionis</span> <span class='ocrx_word' id='word_1_178' title='bbox 1127 1781 1269 1844; x_wconf 89' lang='lat' dir='ltr'>homiues</span> 
     </span>
     <span class='ocr_line' id='line_1_21' title="bbox 188 1866 1321 1948; baseline -0.004 -18"><span class='ocrx_word' id='word_1_179' title='bbox 188 1877 250 1930; x_wconf 90' lang='lat' dir='ltr'>erat</span> <span class='ocrx_word' id='word_1_180' title='bbox 266 1867 420 1930; x_wconf 91' lang='lat' dir='ltr'>sedetiam</span> <span class='ocrx_word' id='word_1_181' title='bbox 442 1867 521 1929; x_wconf 91' lang='lat' dir='ltr'>inter</span> <span class='ocrx_word' id='word_1_182' title='bbox 535 1876 704 1948; x_wconf 89' lang='lat' dir='ltr'>spectantes</span> <span class='ocrx_word' id='word_1_183' title='bbox 719 1866 819 1947; x_wconf 87' lang='lat' dir='ltr'>uulgo,</span> <span class='ocrx_word' id='word_1_184' title='bbox 841 1877 950 1928; x_wconf 93' lang='lat' dir='ltr'>utnon</span> <span class='ocrx_word' id='word_1_185' title='bbox 973 1867 1157 1928; x_wconf 89' lang='lat' dir='ltr'>uincentium</span> <span class='ocrx_word' id='word_1_186' title='bbox 1172 1867 1270 1946; x_wconf 83' lang='lat' dir='ltr'>magis</span> <span class='ocrx_word' id='word_1_187' title='bbox 1292 1875 1321 1925; x_wconf 75' lang='lat'>20</span> 
     </span>
    </p>

    <p class='ocr_par' dir='ltr' id='par_1_9' title="bbox 134 1951 1271 2119">
     <span class='ocr_line' id='line_1_22' title="bbox 134 1951 1271 2034; baseline -0.002 -20"><span class='ocrx_word' id='word_1_188' title='bbox 134 1956 173 2014; x_wconf 79' lang='lat' dir='ltr'>ta</span> <span class='ocrx_word' id='word_1_189' title='bbox 188 1971 276 2034; x_wconf 91' lang='lat' dir='ltr'>quam</span> <span class='ocrx_word' id='word_1_190' title='bbox 305 1951 383 2014; x_wconf 89' lang='lat' dir='ltr'>bene</span> <span class='ocrx_word' id='word_1_191' title='bbox 412 1953 602 2015; x_wconf 89' lang='lat' dir='ltr'>morientium</span> <span class='ocrx_word' id='word_1_192' title='bbox 631 1954 750 2014; x_wconf 89' lang='lat' dir='ltr'>lortuua</span> <span class='ocrx_word' id='word_1_193' title='bbox 771 1951 949 2017; x_wconf 88' lang='lat' dir='ltr'>laudaretur.</span> <span class='ocrx_word' id='word_1_194' title='bbox 993 1970 1061 2013; x_wconf 91' lang='lat' dir='ltr'>cum</span> <span class='ocrx_word' id='word_1_195' title='bbox 1089 1951 1132 2013; x_wconf 90' lang='lat' dir='ltr'>sic</span> <span class='ocrx_word' id='word_1_196' title='bbox 1153 1951 1271 2030; x_wconf 86' lang='lat' dir='ltr'>aliquot</span> 
     </span>
     <span class='ocr_line' id='line_1_23' title="bbox 187 2036 1269 2119; baseline -0.004 -19"><span class='ocrx_word' id='word_1_197' title='bbox 187 2039 327 2119; x_wconf 86' lang='lat' dir='ltr'>spectatis</span> <span class='ocrx_word' id='word_1_198' title='bbox 354 2037 474 2117; x_wconf 89' lang='lat' dir='ltr'>paribus</span> <span class='ocrx_word' id='word_1_199' title='bbox 503 2039 634 2099; x_wconf 82' lang='lat' dir='ltr'>adiectos</span> <span class='ocrx_word' id='word_1_200' title='bbox 660 2037 834 2110; x_wconf 87' lang='lat' dir='ltr'>dimisisset,</span> <span class='ocrx_word' id='word_1_201' title='bbox 862 2037 1003 2098; x_wconf 89' lang='lat' dir='ltr'>contione</span> <span class='ocrx_word' id='word_1_202' title='bbox 1031 2036 1100 2097; x_wconf 88' lang='lat' dir='ltr'>inde</span> <span class='ocrx_word' id='word_1_203' title='bbox 1123 2036 1269 2096; x_wconf 89' lang='lat' dir='ltr'>aduocata</span> 
     </span>
    </p>

    <p class='ocr_par' dir='ltr' id='par_1_10' title="bbox 151 2117 1323 2458">
     <span class='ocr_line' id='line_1_24' title="bbox 151 2117 1270 2205; baseline -0.002 -20"><span class='ocrx_word' id='word_1_204' title='bbox 151 2136 166 2185; x_wconf 81' lang='lat' dir='ltr'>a</span> <span class='ocrx_word' id='word_1_205' title='bbox 187 2126 227 2187; x_wconf 86' lang='lat' dir='ltr'>ita</span> <span class='ocrx_word' id='word_1_206' title='bbox 242 2134 313 2205; x_wconf 92' lang='lat' dir='ltr'>aput</span> <span class='ocrx_word' id='word_1_207' title='bbox 328 2143 380 2186; x_wconf 91' lang='lat' dir='ltr'>eos</span> <span class='ocrx_word' id='word_1_208' title='bbox 401 2124 517 2186; x_wconf 88' lang='lat' dir='ltr'>locutus</span> <span class='ocrx_word' id='word_1_209' title='bbox 539 2125 648 2185; x_wconf 90' lang='lat' dir='ltr'>lertur:</span> <span class='ocrx_word' id='word_1_210' title='bbox 668 2117 724 2198; x_wconf 91' lang='lat' dir='ltr'>‘Si,</span> <span class='ocrx_word' id='word_1_211' title='bbox 746 2141 835 2201; x_wconf 89' lang='lat' dir='ltr'>quem</span> <span class='ocrx_word' id='word_1_212' title='bbox 852 2121 983 2183; x_wconf 91' lang='lat' dir='ltr'>animum</span> <span class='ocrx_word' id='word_1_213' title='bbox 998 2121 1029 2183; x_wconf 91' lang='lat' dir='ltr'>in</span> <span class='ocrx_word' id='word_1_214' title='bbox 1048 2121 1161 2183; x_wconf 91' lang='lat' dir='ltr'>alienae</span> <span class='ocrx_word' id='word_1_215' title='bbox 1176 2123 1270 2183; x_wconf 85' lang='lat' dir='ltr'>sortis</span> 
     </span>
     <span class='ocr_line' id='line_1_25' title="bbox 189 2207 1268 2289; baseline -0.005 -17"><span class='ocrx_word' id='word_1_216' title='bbox 189 2210 323 2289; x_wconf 82' lang='lat' dir='ltr'>exemplo</span> <span class='ocrx_word' id='word_1_217' title='bbox 335 2209 424 2289; x_wconf 92' lang='lat' dir='ltr'>paulo</span> <span class='ocrx_word' id='word_1_218' title='bbox 436 2218 505 2271; x_wconf 90' lang='lat' dir='ltr'>ante</span> <span class='ocrx_word' id='word_1_219' title='bbox 517 2208 669 2282; x_wconf 88' lang='lat' dir='ltr'>habuistis,</span> <span class='ocrx_word' id='word_1_220' title='bbox 685 2208 813 2269; x_wconf 93' lang='lat' dir='ltr'>eundem</span> <span class='ocrx_word' id='word_1_221' title='bbox 825 2226 894 2269; x_wconf 82' lang='lat' dir='ltr'>mox</span> <span class='ocrx_word' id='word_1_222' title='bbox 907 2208 936 2268; x_wconf 94' lang='lat' dir='ltr'>in</span> <span class='ocrx_word' id='word_1_223' title='bbox 950 2207 1130 2269; x_wconf 88' lang='lat' dir='ltr'>aestimanda</span> <span class='ocrx_word' id='word_1_224' title='bbox 1143 2207 1268 2268; x_wconf 89' lang='lat' dir='ltr'>lortuna</span> 
     </span>
     <span class='ocr_line' id='line_1_26' title="bbox 188 2292 1323 2372; baseline -0.007 -14"><span class='ocrx_word' id='word_1_225' title='bbox 188 2304 287 2358; x_wconf 89' lang='lat' dir='ltr'>uestra</span> <span class='ocrx_word' id='word_1_226' title='bbox 309 2295 487 2368; x_wconf 84' lang='lat' dir='ltr'>habueritis,</span> <span class='ocrx_word' id='word_1_227' title='bbox 516 2295 656 2367; x_wconf 91' lang='lat' dir='ltr'>uicimus,</span> <span class='ocrx_word' id='word_1_228' title='bbox 686 2293 811 2368; x_wconf 88' lang='lat' dir='ltr'>milites;</span> <span class='ocrx_word' id='word_1_229' title='bbox 840 2292 1039 2371; x_wconf 90' lang='lat' dir='ltr'>nequeenim</span> <span class='ocrx_word' id='word_1_230' title='bbox 1064 2292 1271 2372; x_wconf 89' lang='lat' dir='ltr'>spectaculum</span> <span class='ocrx_word' id='word_1_231' title='bbox 1293 2300 1323 2350; x_wconf 77' lang='lat'>25</span> 
     </span>
     <span class='ocr_line' id='line_1_27' title="bbox 189 2377 1269 2458; baseline -0.005 -16"><span class='ocrx_word' id='word_1_232' title='bbox 189 2380 278 2443; x_wconf 90' lang='lat' dir='ltr'>modo</span> <span class='ocrx_word' id='word_1_233' title='bbox 301 2380 381 2454; x_wconf 90' lang='lat' dir='ltr'>illud,</span> <span class='ocrx_word' id='word_1_234' title='bbox 404 2381 455 2442; x_wconf 91' lang='lat' dir='ltr'>sed</span> <span class='ocrx_word' id='word_1_235' title='bbox 472 2378 615 2458; x_wconf 91' lang='lat' dir='ltr'>quaedam</span> <span class='ocrx_word' id='word_1_236' title='bbox 632 2378 723 2439; x_wconf 92' lang='lat' dir='ltr'>ueluti</span> <span class='ocrx_word' id='word_1_237' title='bbox 739 2378 835 2458; x_wconf 87' lang='lat' dir='ltr'>imago</span> <span class='ocrx_word' id='word_1_238' title='bbox 850 2385 967 2439; x_wconf 88' lang='lat' dir='ltr'>uestrae</span> <span class='ocrx_word' id='word_1_239' title='bbox 986 2377 1172 2438; x_wconf 88' lang='lat' dir='ltr'>condicionis</span> <span class='ocrx_word' id='word_1_240' title='bbox 1194 2388 1269 2438; x_wconf 87' lang='lat' dir='ltr'>erat.</span> 
     </span>
    </p>

    <p class='ocr_par' dir='ltr' id='par_1_11' title="bbox 151 2456 1367 2540">
     <span class='ocr_line' id='line_1_28' title="bbox 151 2456 1367 2540; baseline -0.002 -15"><span class='ocrx_word' id='word_1_241' title='bbox 151 2474 167 2525; x_wconf 82' lang='lat' dir='ltr'>a</span> <span class='ocrx_word' id='word_1_242' title='bbox 190 2485 223 2528; x_wconf 92' lang='lat' dir='ltr'>ac</span> <span class='ocrx_word' id='word_1_243' title='bbox 240 2466 340 2527; x_wconf 88' lang='lat' dir='ltr'>nescio</span> <span class='ocrx_word' id='word_1_244' title='bbox 356 2484 392 2525; x_wconf 93' lang='lat' dir='ltr'>an</span> <span class='ocrx_word' id='word_1_245' title='bbox 409 2465 521 2526; x_wconf 91' lang='lat' dir='ltr'>maiora</span> <span class='ocrx_word' id='word_1_246' title='bbox 537 2463 655 2526; x_wconf 91' lang='lat' dir='ltr'>uincula</span> <span class='ocrx_word' id='word_1_247' title='bbox 675 2464 860 2540; x_wconf 89' lang='lat' dir='ltr'>maioresque</span> <span class='ocrx_word' id='word_1_248' title='bbox 875 2462 1064 2524; x_wconf 87' lang='lat' dir='ltr'>necessitates</span> <span class='ocrx_word' id='word_1_249' title='bbox 1076 2461 1163 2523; x_wconf 84' lang='lat' dir='ltr'>uobis</span> <span class='ocrx_word' id='word_1_250' title='bbox 1177 2480 1270 2540; x_wconf 89' lang='lat' dir='ltr'>quam</span> <span class='ocrx_word' id='word_1_251' title='bbox 1366 2456 1367 2483; x_wconf 64' lang='lat'>¹</span> 
     </span>
    </p>

    <p class='ocr_par' dir='ltr' id='par_1_12' title="bbox 151 2547 1323 2797">
     <span class='ocr_line' id='line_1_29' title="bbox 151 2547 1271 2631; baseline -0.001 -22"><span class='ocrx_word' id='word_1_252' title='bbox 151 2559 168 2609; x_wconf 77' lang='lat' dir='ltr'>a</span> <span class='ocrx_word' id='word_1_253' title='bbox 191 2551 315 2631; x_wconf 88' lang='lat' dir='ltr'>captiuis</span> <span class='ocrx_word' id='word_1_254' title='bbox 328 2550 434 2611; x_wconf 90' lang='lat' dir='ltr'>uestris</span> <span class='ocrx_word' id='word_1_255' title='bbox 445 2551 565 2609; x_wconf 89' lang='lat' dir='ltr'>lortuna</span> <span class='ocrx_word' id='word_1_256' title='bbox 577 2548 821 2609; x_wconf 87' lang='lat' dir='ltr'>circumdederit:</span> <span class='ocrx_word' id='word_1_257' title='bbox 837 2548 939 2608; x_wconf 83' lang='lat' dir='ltr'>dextra</span> <span class='ocrx_word' id='word_1_258' title='bbox 950 2547 1093 2625; x_wconf 90' lang='lat' dir='ltr'>laeuaque</span> <span class='ocrx_word' id='word_1_259' title='bbox 1103 2547 1163 2608; x_wconf 95' lang='lat' dir='ltr'>duo</span> <span class='ocrx_word' id='word_1_260' title='bbox 1175 2548 1271 2608; x_wconf 88' lang='lat' dir='ltr'>maria</span> 
     </span>
     <span class='ocr_line' id='line_1_30' title="bbox 190 2632 1270 2711; baseline -0.004 -14"><span class='ocrx_word' id='word_1_261' title='bbox 190 2636 333 2697; x_wconf 88' lang='lat' dir='ltr'>claudunt</span> <span class='ocrx_word' id='word_1_262' title='bbox 354 2634 465 2694; x_wconf 94' lang='lat' dir='ltr'>nullam</span> <span class='ocrx_word' id='word_1_263' title='bbox 488 2652 527 2693; x_wconf 94' lang='lat' dir='ltr'>ne</span> <span class='ocrx_word' id='word_1_264' title='bbox 546 2634 582 2694; x_wconf 93' lang='lat' dir='ltr'>ad</span> <span class='ocrx_word' id='word_1_265' title='bbox 605 2633 744 2711; x_wconf 81' lang='lat' dir='ltr'>effugium</span> <span class='ocrx_word' id='word_1_266' title='bbox 761 2633 878 2711; x_wconf 92' lang='lat' dir='ltr'>quidem</span> <span class='ocrx_word' id='word_1_267' title='bbox 895 2651 1002 2694; x_wconf 86' lang='lat' dir='ltr'>nauem</span> <span class='ocrx_word' id='word_1_268' title='bbox 1017 2632 1164 2705; x_wconf 87' lang='lat' dir='ltr'>habentis,</span> <span class='ocrx_word' id='word_1_269' title='bbox 1187 2632 1270 2693; x_wconf 89' lang='lat' dir='ltr'>circa</span> 
     </span>
     <span class='ocr_line' id='line_1_31' title="bbox 190 2716 1323 2797; baseline -0.004 -16"><span class='ocrx_word' id='word_1_270' title='bbox 190 2720 287 2781; x_wconf 91' lang='lat' dir='ltr'>Padus</span> <span class='ocrx_word' id='word_1_271' title='bbox 299 2720 393 2781; x_wconf 90' lang='lat' dir='ltr'>amnis</span> <span class='ocrx_word' id='word_1_272' title='bbox 404 2717 497 2779; x_wconf 91' lang='lat' dir='ltr'>maior</span> <span class='ocrx_word' id='word_1_273' title='bbox 509 2735 544 2778; x_wconf 90' lang='lat' dir='ltr'>ao</span> <span class='ocrx_word' id='word_1_274' title='bbox 554 2718 716 2779; x_wconf 91' lang='lat' dir='ltr'>uiolentior</span> <span class='ocrx_word' id='word_1_275' title='bbox 727 2717 882 2791; x_wconf 85' lang='lat' dir='ltr'>Rhodano,</span> <span class='ocrx_word' id='word_1_276' title='bbox 898 2716 935 2777; x_wconf 92' lang='lat' dir='ltr'>ab</span> <span class='ocrx_word' id='word_1_277' title='bbox 948 2727 1032 2796; x_wconf 89' lang='lat' dir='ltr'>tergo</span> <span class='ocrx_word' id='word_1_278' title='bbox 1044 2717 1133 2795; x_wconf 79' lang='lat' dir='ltr'>Alpes</span> <span class='ocrx_word' id='word_1_279' title='bbox 1148 2726 1271 2797; x_wconf 88' lang='lat' dir='ltr'>urgent,</span> <span class='ocrx_word' id='word_1_280' title='bbox 1292 2726 1323 2776; x_wconf 84' lang='lat' dir='ltr'>att</span> 
     </span>
    </p>

    <p class='ocr_par' dir='ltr' id='par_1_13' title="bbox 153 2802 1272 3138">
     <span class='ocr_line' id='line_1_32' title="bbox 153 2802 1272 2883; baseline 0 -20"><span class='ocrx_word' id='word_1_281' title='bbox 153 2806 240 2866; x_wconf 78' lang='lat' dir='ltr'>onix</span> <span class='ocrx_word' id='word_1_282' title='bbox 262 2804 387 2883; x_wconf 87' lang='lat' dir='ltr'>integris</span> <span class='ocrx_word' id='word_1_283' title='bbox 409 2802 495 2865; x_wconf 88' lang='lat' dir='ltr'>uobis</span> <span class='ocrx_word' id='word_1_284' title='bbox 518 2821 551 2863; x_wconf 90' lang='lat' dir='ltr'>ac</span> <span class='ocrx_word' id='word_1_285' title='bbox 574 2802 745 2882; x_wconf 85' lang='lat' dir='ltr'>uigentibus</span> <span class='ocrx_word' id='word_1_286' title='bbox 763 2802 911 2863; x_wconf 91' lang='lat' dir='ltr'>transitae.</span> <span class='ocrx_word' id='word_1_287' title='bbox 949 2802 997 2863; x_wconf 90' lang='lat' dir='ltr'>hic</span> <span class='ocrx_word' id='word_1_288' title='bbox 1013 2802 1197 2862; x_wconf 91' lang='lat' dir='ltr'>uincendum</span> <span class='ocrx_word' id='word_1_289' title='bbox 1218 2814 1272 2863; x_wconf 87' lang='lat' dir='ltr'>aut</span> 
     </span>
     <span class='ocr_line' id='line_1_33' title="bbox 190 2886 1270 2968; baseline -0.002 -18"><span class='ocrx_word' id='word_1_290' title='bbox 190 2888 387 2959; x_wconf 90' lang='lat' dir='ltr'>moriendum,</span> <span class='ocrx_word' id='word_1_291' title='bbox 403 2888 518 2961; x_wconf 89' lang='lat' dir='ltr'>milites,</span> <span class='ocrx_word' id='word_1_292' title='bbox 535 2896 589 2962; x_wconf 88' lang='lat' dir='ltr'>est,</span> <span class='ocrx_word' id='word_1_293' title='bbox 604 2887 656 2948; x_wconf 89' lang='lat' dir='ltr'>uhi</span> <span class='ocrx_word' id='word_1_294' title='bbox 671 2888 800 2968; x_wconf 94' lang='lat' dir='ltr'>primum</span> <span class='ocrx_word' id='word_1_295' title='bbox 815 2888 892 2948; x_wconf 92' lang='lat' dir='ltr'>hosti</span> <span class='ocrx_word' id='word_1_296' title='bbox 907 2886 1088 2948; x_wconf 83' lang='lat' dir='ltr'>occurristis</span> <span class='ocrx_word' id='word_1_297' title='bbox 1119 2895 1150 2947; x_wconf 93' lang='lat' dir='ltr'>et</span> <span class='ocrx_word' id='word_1_298' title='bbox 1164 2888 1270 2948; x_wconf 89' lang='lat' dir='ltr'>eadem</span> 
     </span>
     <span class='ocr_line' id='line_1_34' title="bbox 190 2971 1271 3052; baseline -0.002 -17"><span class='ocrx_word' id='word_1_299' title='bbox 190 2975 326 3045; x_wconf 90' lang='lat' dir='ltr'>fortuna,</span> <span class='ocrx_word' id='word_1_300' title='bbox 349 2991 425 3051; x_wconf 90' lang='lat' dir='ltr'>quae</span> <span class='ocrx_word' id='word_1_301' title='bbox 448 2974 651 3034; x_wconf 89' lang='lat' dir='ltr'>necessitatem</span> <span class='ocrx_word' id='word_1_302' title='bbox 673 2973 826 3052; x_wconf 87' lang='lat' dir='ltr'>pugnandi</span> <span class='ocrx_word' id='word_1_303' title='bbox 850 2972 1006 3052; x_wconf 87' lang='lat' dir='ltr'>imposuit,</span> <span class='ocrx_word' id='word_1_304' title='bbox 1028 2972 1158 3051; x_wconf 90' lang='lat' dir='ltr'>praemia</span> <span class='ocrx_word' id='word_1_305' title='bbox 1182 2971 1271 3033; x_wconf 87' lang='lat' dir='ltr'>uobis</span> 
     </span>
     <span class='ocr_line' id='line_1_35' title="bbox 191 3054 1272 3138; baseline 0 -19"><span class='ocrx_word' id='word_1_306' title='bbox 191 3076 225 3119; x_wconf 92' lang='lat' dir='ltr'>ea</span> <span class='ocrx_word' id='word_1_307' title='bbox 247 3056 412 3119; x_wconf 87' lang='lat' dir='ltr'>uictoribus</span> <span class='ocrx_word' id='word_1_308' title='bbox 440 3058 596 3137; x_wconf 91' lang='lat' dir='ltr'>proponit,</span> <span class='ocrx_word' id='word_1_309' title='bbox 627 3057 736 3137; x_wconf 90' lang='lat' dir='ltr'>quibus</span> <span class='ocrx_word' id='word_1_310' title='bbox 764 3056 905 3138; x_wconf 93' lang='lat' dir='ltr'>ampliora</span> <span class='ocrx_word' id='word_1_311' title='bbox 934 3057 1070 3119; x_wconf 89' lang='lat' dir='ltr'>homines</span> <span class='ocrx_word' id='word_1_312' title='bbox 1092 3075 1131 3117; x_wconf 90' lang='lat' dir='ltr'>ne</span> <span class='ocrx_word' id='word_1_313' title='bbox 1153 3054 1190 3117; x_wconf 88' lang='lat' dir='ltr'>ah</span> <span class='ocrx_word' id='word_1_314' title='bbox 1214 3057 1272 3119; x_wconf 91' lang='lat' dir='ltr'>diis</span> 
     </span>
    </p>
   </div>
   <div class='ocr_carea' id='block_1_3' title="bbox 191 3204 1273 3815">
    <p class='ocr_par' dir='ltr' id='par_1_14' title="bbox 191 3204 1273 3815">
     <span class='ocr_line' id='line_1_36' title="bbox 260 3204 1271 3275; baseline -0.003 -15"><span class='ocrx_word' id='word_1_315' title='bbox 260 3207 443 3275; x_wconf 68' lang='lat' dir='ltr'>conitendum</span> <span class='ocrx_word' id='word_1_316' title='bbox 464 3207 534 3274; x_wconf 81' lang='lat' dir='ltr'>Pll5</span> <span class='ocrx_word' id='word_1_317' title='bbox 554 3207 633 3272; x_wconf 85' lang='lat' dir='ltr'>agitet</span> <span class='ocrx_word' id='word_1_318' title='bbox 654 3210 673 3271; x_wconf 87' lang='grc' dir='ltr'><strong><em>ς</em></strong></span> <span class='ocrx_word' id='word_1_319' title='bbox 700 3206 781 3272; x_wconf 84' lang='lat' dir='ltr'>agitet</span> <span class='ocrx_word' id='word_1_320' title='bbox 799 3213 825 3259; x_wconf 91' lang='lat' dir='ltr'>et</span> <span class='ocrx_word' id='word_1_321' title='bbox 846 3205 888 3273; x_wconf 70' lang='lat' dir='ltr'>Pi</span> <span class='ocrx_word' id='word_1_322' title='bbox 900 3205 1048 3272; x_wconf 83' lang='lat' dir='ltr'>identlidem</span> <span class='ocrx_word' id='word_1_323' title='bbox 1070 3222 1105 3256; x_wconf 74' lang='lat' dir='ltr'>ea</span> <span class='ocrx_word' id='word_1_324' title='bbox 1122 3204 1271 3272; x_wconf 76' lang='lat' dir='ltr'>idemtidem</span> 
     </span>
     <span class='ocr_line' id='line_1_37' title="bbox 191 3274 1271 3342; baseline -0.002 -15"><span class='ocrx_word' id='word_1_325' title='bbox 191 3276 360 3342; x_wconf 79' lang='lat' dir='ltr'>Plltlillius</span> <span class='ocrx_word' id='word_1_326' title='bbox 379 3276 402 3327; x_wconf 87' lang='grc' dir='ltr'><em>Ρ</em></span> <span class='ocrx_word' id='word_1_327' title='bbox 429 3275 511 3342; x_wconf 90' lang='lat' dir='ltr'>ipsius</span> <span class='ocrx_word' id='word_1_328' title='bbox 537 3275 628 3341; x_wconf 68' lang='lat' dir='ltr'>Geom,</span> <span class='ocrx_word' id='word_1_329' title='bbox 649 3274 699 3327; x_wconf 79' lang='lat' dir='ltr'>del</span> <span class='ocrx_word' id='word_1_330' title='bbox 721 3274 785 3326; x_wconf 79' lang='lat' dir='ltr'>Tan.</span> <span class='ocrx_word' id='word_1_331' title='bbox 801 3275 892 3327; x_wconf 79' lang='lat' dir='ltr'>Faber</span> <span class='ocrx_word' id='word_1_332' title='bbox 910 3274 921 3341; x_wconf 79' lang='lat' dir='ltr'>l</span> <span class='ocrx_word' id='word_1_333' title='bbox 937 3274 1050 3326; x_wconf 87' lang='lat' dir='ltr'>romanis</span> <span class='ocrx_word' id='word_1_334' title='bbox 1073 3275 1119 3336; x_wconf 84' lang='lat' dir='ltr'>Pl</span> <span class='ocrx_word' id='word_1_335' title='bbox 1141 3276 1171 3327; x_wconf 92' lang='lat'>11</span> <span class='ocrx_word' id='word_1_336' title='bbox 1197 3288 1271 3326; x_wconf 85' lang='lat' dir='ltr'>exer-</span> 
     </span>
     <span class='ocr_line' id='line_1_38' title="bbox 191 3340 1273 3413; baseline -0.003 -17"><span class='ocrx_word' id='word_1_337' title='bbox 191 3344 270 3396; x_wconf 87' lang='lat' dir='ltr'>citum</span> <span class='ocrx_word' id='word_1_338' title='bbox 288 3342 330 3413; x_wconf 75' lang='lat' dir='ltr'>Pil</span> <span class='ocrx_word' id='word_1_339' title='bbox 346 3347 376 3398; x_wconf 88' lang='grc'>13</span> <span class='ocrx_word' id='word_1_340' title='bbox 395 3343 483 3410; x_wconf 84' lang='lat' dir='ltr'>eequis</span> <span class='ocrx_word' id='word_1_341' title='bbox 502 3344 524 3395; x_wconf 91' lang='lat' dir='ltr'>si</span> <span class='ocrx_word' id='word_1_342' title='bbox 544 3348 564 3407; x_wconf 88' lang='grc' dir='ltr'><em>ς</em></span> <span class='ocrx_word' id='word_1_343' title='bbox 590 3344 674 3409; x_wconf 87' lang='lat' dir='ltr'>etquis</span> <span class='ocrx_word' id='word_1_344' title='bbox 692 3342 736 3409; x_wconf 78' lang='lat' dir='ltr'>Pi</span> <span class='ocrx_word' id='word_1_345' title='bbox 754 3345 803 3409; x_wconf 82' lang='lat' dir='ltr'>equ</span> <span class='ocrx_word' id='word_1_346' title='bbox 820 3342 869 3409; x_wconf 77' lang='lat' dir='ltr'>Pl</span> <span class='ocrx_word' id='word_1_347' title='bbox 890 3344 920 3395; x_wconf 81' lang='lat'>15</span> <span class='ocrx_word' id='word_1_348' title='bbox 942 3340 1041 3394; x_wconf 85' lang='lat' dir='ltr'>deiecta</span> <span class='ocrx_word' id='word_1_349' title='bbox 1059 3344 1079 3406; x_wconf 88' lang='grc' dir='ltr'><strong><em>ς</em></strong></span> <span class='ocrx_word' id='word_1_350' title='bbox 1105 3340 1205 3394; x_wconf 83' lang='lat' dir='ltr'>delecta</span> <span class='ocrx_word' id='word_1_351' title='bbox 1223 3341 1273 3406; x_wconf 82' lang='grc' dir='ltr'>ΡΙ</span> 
     </span>
     <span class='ocr_line' id='line_1_39' title="bbox 193 3409 1273 3479; baseline -0.003 -15"><span class='ocrx_word' id='word_1_352' title='bbox 193 3412 224 3464; x_wconf 88' lang='grc'>16</span> <span class='ocrx_word' id='word_1_353' title='bbox 248 3426 324 3478; x_wconf 86' lang='lat' dir='ltr'>quam</span> <span class='ocrx_word' id='word_1_354' title='bbox 349 3412 476 3464; x_wconf 81' lang='lat' dir='ltr'>fortunam</span> <span class='ocrx_word' id='word_1_355' title='bbox 494 3412 542 3479; x_wconf 78' lang='grc' dir='ltr'>ΡΙ</span> <span class='ocrx_word' id='word_1_356' title='bbox 561 3412 684 3477; x_wconf 89' lang='lat' dir='ltr'>cuiusque</span> <span class='ocrx_word' id='word_1_357' title='bbox 706 3409 845 3474; x_wconf 74' lang='lat' dir='ltr'>Woelfflin</span> <span class='ocrx_word' id='word_1_358' title='bbox 871 3414 898 3462; x_wconf 86' lang='lat' dir='ltr'>et</span> <span class='ocrx_word' id='word_1_359' title='bbox 922 3410 1087 3477; x_wconf 87' lang='lat' dir='ltr'>cuiusqueP</span> <span class='ocrx_word' id='word_1_360' title='bbox 1110 3415 1137 3461; x_wconf 86' lang='lat' dir='ltr'>et</span> <span class='ocrx_word' id='word_1_361' title='bbox 1157 3410 1232 3461; x_wconf 84' lang='lat' dir='ltr'>cuius</span> <span class='ocrx_word' id='word_1_362' title='bbox 1251 3414 1273 3473; x_wconf 87' lang='grc' dir='ltr'><em>ς</em></span> 
     </span>
     <span class='ocr_line' id='line_1_40' title="bbox 193 3475 1273 3597; baseline -0.002 -66"><span class='ocrx_word' id='word_1_363' title='bbox 193 3484 219 3531; x_wconf 85' lang='lat' dir='ltr'>et</span> <span class='ocrx_word' id='word_1_364' title='bbox 236 3484 265 3531; x_wconf 86' lang='lat' dir='ltr'>ut</span> <span class='ocrx_word' id='word_1_365' title='bbox 283 3479 391 3545; x_wconf 83' lang='lat' dir='ltr'>(uelut)</span> <span class='ocrx_word' id='word_1_366' title='bbox 409 3480 533 3545; x_wconf 89' lang='lat' dir='ltr'>cuiusque</span> <span class='ocrx_word' id='word_1_367' title='bbox 548 3478 695 3597; x_wconf 57' lang='lat' dir='ltr'>Volwal</span> <span class='ocrx_word' id='word_1_368' title='bbox 714 3478 817 3531; x_wconf 86' lang='lat' dir='ltr'>alacher</span> <span class='ocrx_word' id='word_1_369' title='bbox 828 3477 871 3545; x_wconf 80' lang='lat' dir='ltr'>Pl</span> <span class='ocrx_word' id='word_1_370' title='bbox 885 3480 916 3531; x_wconf 86' lang='lat'>18</span> <span class='ocrx_word' id='word_1_371' title='bbox 935 3478 974 3529; x_wconf 89' lang='lat' dir='ltr'>his</span> <span class='ocrx_word' id='word_1_372' title='bbox 988 3478 1031 3545; x_wconf 79' lang='lat' dir='ltr'>Pl</span> <span class='ocrx_word' id='word_1_373' title='bbox 1045 3479 1075 3530; x_wconf 83' lang='lat' dir='ltr'>tt</span> <span class='ocrx_word' id='word_1_374' title='bbox 1096 3482 1186 3541; x_wconf 64' lang='lat' dir='ltr'>cums</span> <span class='ocrx_word' id='word_1_375' title='bbox 1208 3475 1273 3529; x_wconf 82' lang='lat' dir='ltr'>dnm</span> 
     </span>
     <span class='ocr_line' id='line_1_41' title="bbox 191 3544 1271 3613; baseline 0 -14"><span class='ocrx_word' id='word_1_376' title='bbox 191 3545 351 3613; x_wconf 75' lang='lat' dir='ltr'>Plialiquod</span> <span class='ocrx_word' id='word_1_377' title='bbox 370 3547 416 3613; x_wconf 86' lang='grc' dir='ltr'>ΡΙΙ</span> <span class='ocrx_word' id='word_1_378' title='bbox 434 3549 467 3599; x_wconf 78' lang='grc'>21</span> <span class='ocrx_word' id='word_1_379' title='bbox 485 3546 615 3613; x_wconf 88' lang='lat' dir='ltr'>extemplo</span> <span class='ocrx_word' id='word_1_380' title='bbox 671 3545 680 3612; x_wconf 87' lang='grc' dir='ltr'>ΙΙ</span> <span class='ocrx_word' id='word_1_381' title='bbox 701 3548 734 3600; x_wconf 84' lang='lat'>28</span> <span class='ocrx_word' id='word_1_382' title='bbox 754 3546 864 3613; x_wconf 90' lang='lat' dir='ltr'>leuaque</span> <span class='ocrx_word' id='word_1_383' title='bbox 883 3546 927 3608; x_wconf 78' lang='lat' dir='ltr'>Pl</span> <span class='ocrx_word' id='word_1_384' title='bbox 947 3548 979 3597; x_wconf 80' lang='lat'>29</span> <span class='ocrx_word' id='word_1_385' title='bbox 997 3544 1116 3598; x_wconf 83' lang='lat' dir='ltr'>habentis</span> <span class='ocrx_word' id='word_1_386' title='bbox 1133 3544 1271 3599; x_wconf 76' lang='lat' dir='ltr'>Draimb.</span> 
     </span>
     <span class='ocr_line' id='line_1_42' title="bbox 191 3613 1272 3681; baseline -0.001 -16"><span class='ocrx_word' id='word_1_387' title='bbox 191 3614 317 3665; x_wconf 86' lang='lat' dir='ltr'>habentes</span> <span class='ocrx_word' id='word_1_388' title='bbox 335 3614 482 3666; x_wconf 71' lang='lat' dir='ltr'>douiatius</span> <span class='ocrx_word' id='word_1_389' title='bbox 502 3613 582 3666; x_wconf 81' lang='lat' dir='ltr'>Gron.</span> <span class='ocrx_word' id='word_1_390' title='bbox 601 3616 634 3666; x_wconf 88' lang='lat' dir='ltr'>A.</span> <span class='ocrx_word' id='word_1_391' title='bbox 647 3616 805 3665; x_wconf 59' lang='lat' dir='ltr'>strigoniae</span> <span class='ocrx_word' id='word_1_392' title='bbox 831 3614 985 3665; x_wconf 85' lang='lat' dir='ltr'>habentibus</span> <span class='ocrx_word' id='word_1_393' title='bbox 1003 3614 1043 3681; x_wconf 79' lang='lat' dir='ltr'>Pl</span> <span class='ocrx_word' id='word_1_394' title='bbox 1057 3613 1158 3665; x_wconf 85' lang='lat' dir='ltr'>circaP</span> <span class='ocrx_word' id='word_1_395' title='bbox 1181 3617 1272 3665; x_wconf 77' lang='lat' dir='ltr'>centn</span> 
     </span>
     <span class='ocr_line' id='line_1_43' title="bbox 193 3680 1272 3749; baseline -0.002 -16"><span class='ocrx_word' id='word_1_396' title='bbox 193 3680 281 3747; x_wconf 84' lang='grc' dir='ltr'>ς1130</span> <span class='ocrx_word' id='word_1_397' title='bbox 303 3682 430 3743; x_wconf 61' lang='lat' dir='ltr'>maior&amp;</span> <span class='ocrx_word' id='word_1_398' title='bbox 464 3682 544 3733; x_wconf 84' lang='lat' dir='ltr'>maior</span> <span class='ocrx_word' id='word_1_399' title='bbox 568 3680 884 3749; x_wconf 72' lang='lat' dir='ltr'>padusl’llsslacras.</span> <span class='ocrx_word' id='word_1_400' title='bbox 908 3697 942 3731; x_wconf 74' lang='lat' dir='ltr'>aa</span> <span class='ocrx_word' id='word_1_401' title='bbox 976 3680 1211 3749; x_wconf 68' lang='lat' dir='ltr'>agPldtetP</span> <span class='ocrx_word' id='word_1_402' title='bbox 1244 3688 1272 3731; x_wconf 84' lang='lat' dir='ltr'>at</span> 
     </span>
     <span class='ocr_line' id='line_1_44' title="bbox 192 3746 541 3815; baseline 0.003 -17"><span class='ocrx_word' id='word_1_403' title='bbox 192 3748 299 3814; x_wconf 75' lang='lat' dir='ltr'>Lipsius</span> <span class='ocrx_word' id='word_1_404' title='bbox 312 3746 367 3815; x_wconf 79' lang='grc'>1134</span> <span class='ocrx_word' id='word_1_405' title='bbox 385 3748 499 3815; x_wconf 88' lang='lat' dir='ltr'>aupliora</span> <span class='ocrx_word' id='word_1_406' title='bbox 518 3748 541 3799; x_wconf 88' lang='grc' dir='ltr'><em>Ρ</em></span> 
     </span>
    </p>
   </div>
   <div class='ocr_carea' id='block_1_4' title="bbox 0 0 1381 4250">
    <p class='ocr_par' dir='ltr' id='par_1_15' title="bbox 0 0 1381 4250">
     <span class='ocr_line' id='line_1_45' title="bbox 0 0 1381 4250; baseline 0 0"><span class='ocrx_word' id='word_1_407' title='bbox 0 0 1381 4250; x_wconf 95' lang='lat' dir='ltr'> </span> 
     </span>
    </p>
   </div>
  </div>
 </body>
</html>
