<?xml version="1.0" encoding="UTF-8"?>
<!DOCTYPE html PUBLIC "-//W3C//DTD XHTML 1.0 Transitional//EN"
    "http://www.w3.org/TR/xhtml1/DTD/xhtml1-transitional.dtd">
<html xmlns="http://www.w3.org/1999/xhtml" xml:lang="en" lang="en">
 <head>
  <title>
</title>
<meta http-equiv="Content-Type" content="text/html;charset=utf-8" />
  <meta name='ocr-system' content='tesseract 3.04.00' />
  <meta name='ocr-capabilities' content='ocr_page ocr_carea ocr_par ocr_line ocrx_word'/>
</head>
<body>
  <div class='ocr_page' id='page_1' title='image "./aburbeconditali00paasgoog_0367.png"; bbox 0 0 2734 4250; ppageno 0'>
   <div class='ocr_carea' id='block_1_1' title="bbox 103 134 1169 201">
    <p class='ocr_par' dir='ltr' id='par_1_1' title="bbox 103 134 1169 201">
     <span class='ocr_line' id='line_1_1' title="bbox 103 134 1169 201; baseline -0.01 -5"><span class='ocrx_word' id='word_1_1' title='bbox 103 164 121 198; x_wconf 83' lang='grc' dir='ltr'>ι.</span> <span class='ocrx_word' id='word_1_2' title='bbox 135 153 186 198; x_wconf 73' lang='lat' dir='ltr'>cnr.</span> <span class='ocrx_word' id='word_1_3' title='bbox 199 154 239 199; x_wconf 83' lang='lat' dir='ltr'>sro</span> <span class='ocrx_word' id='word_1_4' title='bbox 482 134 578 189; x_wconf 79' lang='lat' dir='ltr'>treus</span> <span class='ocrx_word' id='word_1_5' title='bbox 594 135 683 201; x_wconf 79' lang='lat' dir='ltr'>xxvi,</span> <span class='ocrx_word' id='word_1_6' title='bbox 702 138 744 191; x_wconf 80' lang='lat'>³1.</span> <span class='ocrx_word' id='word_1_7' title='bbox 762 138 795 190; x_wconf 87' lang='grc'>32</span> <span class='ocrx_word' id='word_1_8' title='bbox 1130 138 1169 199; x_wconf 80' lang='lat'>37</span> 
     </span>
    </p>
   </div>
   <div class='ocr_carea' id='block_1_2' title="bbox 9 308 1223 3282">
    <p class='ocr_par' dir='ltr' id='par_1_2' title="bbox 9 308 1223 3282">
     <span class='ocr_line' id='line_1_2' title="bbox 101 308 1171 390; baseline 0.004 -20"><span class='ocrx_word' id='word_1_9' title='bbox 101 309 195 371; x_wconf 91' lang='lat' dir='ltr'>dentis</span> <span class='ocrx_word' id='word_1_10' title='bbox 218 308 323 370; x_wconf 90' lang='lat' dir='ltr'>urbem</span> <span class='ocrx_word' id='word_1_11' title='bbox 346 308 496 389; x_wconf 80' lang='lat' dir='ltr'><strong>principes</strong></span> <span class='ocrx_word' id='word_1_12' title='bbox 518 308 771 390; x_wconf 73' lang='lat' dir='ltr'>Syracusanorum</span> <span class='ocrx_word' id='word_1_13' title='bbox 793 320 946 373; x_wconf 90' lang='lat' dir='ltr'>auersatus</span> <span class='ocrx_word' id='word_1_14' title='bbox 967 328 1048 385; x_wconf 90' lang='lat' dir='ltr'>sum;</span> <span class='ocrx_word' id='word_1_15' title='bbox 1075 311 1171 374; x_wconf 87' lang='lat' dir='ltr'>Sosim</span> 
     </span>
     <span class='ocr_line' id='line_1_3' title="bbox 100 393 1171 475; baseline 0.004 -21"><span class='ocrx_word' id='word_1_16' title='bbox 100 404 128 455; x_wconf 91' lang='lat' dir='ltr'>et</span> <span class='ocrx_word' id='word_1_17' title='bbox 141 394 305 455; x_wconf 86' lang='lat' dir='ltr'>hioericum</span> <span class='ocrx_word' id='word_1_18' title='bbox 320 393 494 474; x_wconf 86' lang='lat' dir='ltr'>Hispanum,</span> <span class='ocrx_word' id='word_1_19' title='bbox 517 394 626 473; x_wconf 91' lang='lat' dir='ltr'>quibus</span> <span class='ocrx_word' id='word_1_20' title='bbox 646 404 758 456; x_wconf 78' lang='lat' dir='ltr'>tantem</span> <span class='ocrx_word' id='word_1_21' title='bbox 775 413 837 456; x_wconf 91' lang='lat' dir='ltr'>rem</span> <span class='ocrx_word' id='word_1_22' title='bbox 856 396 1017 470; x_wconf 82' lang='lat' dir='ltr'>crederem,</span> <span class='ocrx_word' id='word_1_23' title='bbox 1040 396 1171 475; x_wconf 90' lang='lat' dir='ltr'>potiores</span> 
     </span>
     <span class='ocr_line' id='line_1_4' title="bbox 100 478 1171 561; baseline 0.003 -20"><span class='ocrx_word' id='word_1_24' title='bbox 100 478 197 541; x_wconf 88' lang='lat' dir='ltr'>habui.</span> <span class='ocrx_word' id='word_1_25' title='bbox 243 498 304 539; x_wconf 92' lang='lat' dir='ltr'>nou</span> <span class='ocrx_word' id='word_1_26' title='bbox 334 479 404 541; x_wconf 90' lang='lat' dir='ltr'>estis</span> <span class='ocrx_word' id='word_1_27' title='bbox 432 480 555 540; x_wconf 85' lang='lat' dir='ltr'>extremi</span> <span class='ocrx_word' id='word_1_28' title='bbox 584 479 856 559; x_wconf 77' lang='lat' dir='ltr'>Syracusanorum,</span> <span class='ocrx_word' id='word_1_29' title='bbox 890 481 1001 561; x_wconf 89' lang='lat' dir='ltr'>quippe</span> <span class='ocrx_word' id='word_1_30' title='bbox 1030 481 1081 561; x_wconf 91' lang='lat' dir='ltr'>qui</span> <span class='ocrx_word' id='word_1_31' title='bbox 1107 482 1171 545; x_wconf 90' lang='lat' dir='ltr'>aliis</span> 
     </span>
     <span class='ocr_line' id='line_1_5' title="bbox 100 563 1207 647; baseline 0.001 -23"><span class='ocrx_word' id='word_1_32' title='bbox 100 563 293 625; x_wconf 81' lang='lat' dir='ltr'>humilitatem</span> <span class='ocrx_word' id='word_1_33' title='bbox 315 563 462 640; x_wconf 88' lang='lat' dir='ltr'>obiciatis;</span> <span class='ocrx_word' id='word_1_34' title='bbox 492 564 560 644; x_wconf 90' lang='lat' dir='ltr'>quis</span> <span class='ocrx_word' id='word_1_35' title='bbox 581 574 626 625; x_wconf 90' lang='lat' dir='ltr'>est</span> <span class='ocrx_word' id='word_1_36' title='bbox 653 574 802 641; x_wconf 88' lang='lat' dir='ltr'>uestrum,</span> <span class='ocrx_word' id='word_1_37' title='bbox 832 566 882 644; x_wconf 92' lang='lat' dir='ltr'>qui</span> <span class='ocrx_word' id='word_1_38' title='bbox 910 584 943 627; x_wconf 90' lang='lat' dir='ltr'>se</span> <span class='ocrx_word' id='word_1_39' title='bbox 971 566 1043 627; x_wconf 89' lang='lat' dir='ltr'>mihi</span> <span class='ocrx_word' id='word_1_40' title='bbox 1071 575 1207 647; x_wconf 82' lang='lat' dir='ltr'>portast</span> 
     </span>
     <span class='ocr_line' id='line_1_6' title="bbox 66 649 1170 731; baseline 0.002 -20"><span class='ocrx_word' id='word_1_41' title='bbox 66 660 286 730; x_wconf 83' lang='lat' dir='ltr'>taperturum,</span> <span class='ocrx_word' id='word_1_42' title='bbox 316 649 367 727; x_wconf 93' lang='lat' dir='ltr'>qui</span> <span class='ocrx_word' id='word_1_43' title='bbox 395 660 523 711; x_wconf 90' lang='lat' dir='ltr'>armatos</span> <span class='ocrx_word' id='word_1_44' title='bbox 550 650 656 711; x_wconf 89' lang='lat' dir='ltr'>milites</span> <span class='ocrx_word' id='word_1_45' title='bbox 678 668 760 712; x_wconf 91' lang='lat' dir='ltr'>meos</span> <span class='ocrx_word' id='word_1_46' title='bbox 790 650 820 711; x_wconf 94' lang='lat' dir='ltr'>in</span> <span class='ocrx_word' id='word_1_47' title='bbox 849 650 951 713; x_wconf 86' lang='lat' dir='ltr'>urbem</span> <span class='ocrx_word' id='word_1_48' title='bbox 978 662 1170 731; x_wconf 91' lang='lat' dir='ltr'>accepturum</span> 
     </span>
     <span class='ocr_line' id='line_1_7' title="bbox 99 731 1171 815; baseline 0.003 -20"><span class='ocrx_word' id='word_1_49' title='bbox 99 731 288 815; x_wconf 80' lang='lat' dir='ltr'>promiserit?</span> <span class='ocrx_word' id='word_1_50' title='bbox 324 734 426 796; x_wconf 90' lang='lat' dir='ltr'>odistis</span> <span class='ocrx_word' id='word_1_51' title='bbox 441 744 472 796; x_wconf 90' lang='lat' dir='ltr'>et</span> <span class='ocrx_word' id='word_1_52' title='bbox 486 734 680 796; x_wconf 82' lang='lat' dir='ltr'>exsecramini</span> <span class='ocrx_word' id='word_1_53' title='bbox 696 753 757 809; x_wconf 89' lang='lat' dir='ltr'>eos,</span> <span class='ocrx_word' id='word_1_54' title='bbox 782 736 833 814; x_wconf 93' lang='lat' dir='ltr'>qui</span> <span class='ocrx_word' id='word_1_55' title='bbox 856 737 1001 811; x_wconf 81' lang='lat' dir='ltr'>lecerunt,</span> <span class='ocrx_word' id='word_1_56' title='bbox 1024 745 1053 797; x_wconf 90' lang='lat' dir='ltr'>et</span> <span class='ocrx_word' id='word_1_57' title='bbox 1068 756 1106 798; x_wconf 91' lang='lat' dir='ltr'>ne</span> <span class='ocrx_word' id='word_1_58' title='bbox 1121 737 1171 798; x_wconf 91' lang='lat' dir='ltr'>hic</span> 
     </span>
     <span class='ocr_line' id='line_1_8' title="bbox 100 818 1172 900; baseline 0 -18"><span class='ocrx_word' id='word_1_59' title='bbox 100 820 216 899; x_wconf 90' lang='lat' dir='ltr'>quidem</span> <span class='ocrx_word' id='word_1_60' title='bbox 240 818 428 881; x_wconf 90' lang='lat' dir='ltr'>coutumeliis</span> <span class='ocrx_word' id='word_1_61' title='bbox 451 820 480 880; x_wconf 93' lang='lat' dir='ltr'>in</span> <span class='ocrx_word' id='word_1_62' title='bbox 505 838 557 881; x_wconf 92' lang='lat' dir='ltr'>eos</span> <span class='ocrx_word' id='word_1_63' title='bbox 578 820 711 882; x_wconf 86' lang='lat' dir='ltr'>dicendis</span> <span class='ocrx_word' id='word_1_64' title='bbox 732 820 865 900; x_wconf 89' lang='lat' dir='ltr'>parcitis:</span> <span class='ocrx_word' id='word_1_65' title='bbox 888 830 1002 882; x_wconf 89' lang='lat' dir='ltr'>tantum</span> <span class='ocrx_word' id='word_1_66' title='bbox 1025 819 1116 897; x_wconf 89' lang='lat' dir='ltr'>abest,</span> <span class='ocrx_word' id='word_1_67' title='bbox 1139 830 1172 883; x_wconf 94' lang='lat' dir='ltr'>ut</span> 
     </span>
     <span class='ocr_line' id='line_1_9' title="bbox 99 904 1208 986; baseline -0.002 -19.15"><span class='ocrx_word' id='word_1_68' title='bbox 99 918 128 967; x_wconf 88' lang='lat' dir='ltr'>et</span> <span class='ocrx_word' id='word_1_69' title='bbox 148 904 205 985; x_wconf 89' lang='lat' dir='ltr'>ipsi</span> <span class='ocrx_word' id='word_1_70' title='bbox 230 904 286 965; x_wconf 90' lang='lat' dir='ltr'>tale</span> <span class='ocrx_word' id='word_1_71' title='bbox 308 904 466 983; x_wconf 89' lang='lat' dir='ltr'>quicquam</span> <span class='ocrx_word' id='word_1_72' title='bbox 489 905 596 966; x_wconf 82' lang='lat' dir='ltr'>facturi</span> <span class='ocrx_word' id='word_1_73' title='bbox 623 904 747 967; x_wconf 79' lang='lat' dir='ltr'>fueritis.</span> <span class='ocrx_word' id='word_1_74' title='bbox 791 906 855 986; x_wconf 89' lang='lat' dir='ltr'>ipsa</span> <span class='ocrx_word' id='word_1_75' title='bbox 882 906 1032 968; x_wconf 82' lang='lat' dir='ltr'>humilitas</span> <span class='ocrx_word' id='word_1_76' title='bbox 1057 925 1170 982; x_wconf 89' lang='lat' dir='ltr'>eorum,</span> <span class='ocrx_word' id='word_1_77' title='bbox 1192 915 1208 965; x_wconf 83' lang='grc'><strong>6</strong></span> 
     </span>
     <span class='ocr_line' id='line_1_10' title="bbox 9 989 1173 1071; baseline 0.003 -20"><span class='ocrx_word' id='word_1_78' title='bbox 9 1015 10 1026; x_wconf 51' lang='lat'>¹</span> <span class='ocrx_word' id='word_1_79' title='bbox 99 999 198 1071; x_wconf 91' lang='lat' dir='ltr'>patres</span> <span class='ocrx_word' id='word_1_80' title='bbox 219 989 395 1069; x_wconf 83' lang='lat' dir='ltr'>conscripti,</span> <span class='ocrx_word' id='word_1_81' title='bbox 425 1007 513 1068; x_wconf 91' lang='lat' dir='ltr'>quam</span> <span class='ocrx_word' id='word_1_82' title='bbox 536 989 583 1051; x_wconf 91' lang='lat' dir='ltr'>isti</span> <span class='ocrx_word' id='word_1_83' title='bbox 606 989 752 1062; x_wconf 84' lang='lat' dir='ltr'>obiciunt,</span> <span class='ocrx_word' id='word_1_84' title='bbox 782 991 908 1052; x_wconf 86' lang='lat' dir='ltr'>maximo</span> <span class='ocrx_word' id='word_1_85' title='bbox 930 1001 1104 1071; x_wconf 78' lang='lat' dir='ltr'>argumento</span> <span class='ocrx_word' id='word_1_86' title='bbox 1127 1002 1173 1054; x_wconf 91' lang='lat' dir='ltr'>est</span> 
     </span>
     <span class='ocr_line' id='line_1_11' title="bbox 52 1074 1170 1155; baseline 0.001 -19"><span class='ocrx_word' id='word_1_87' title='bbox 52 1086 78 1136; x_wconf 80' lang='grc' dir='ltr'>ιο</span> <span class='ocrx_word' id='word_1_88' title='bbox 97 1095 143 1137; x_wconf 93' lang='lat' dir='ltr'>me</span> <span class='ocrx_word' id='word_1_89' title='bbox 168 1074 329 1146; x_wconf 86' lang='lat' dir='ltr'>neminem,</span> <span class='ocrx_word' id='word_1_90' title='bbox 352 1075 404 1153; x_wconf 94' lang='lat' dir='ltr'>qui</span> <span class='ocrx_word' id='word_1_91' title='bbox 426 1084 561 1135; x_wconf 91' lang='lat' dir='ltr'>nauatam</span> <span class='ocrx_word' id='word_1_92' title='bbox 578 1092 698 1155; x_wconf 86' lang='lat' dir='ltr'>operam</span> <span class='ocrx_word' id='word_1_93' title='bbox 721 1075 914 1155; x_wconf 90' lang='lat' dir='ltr'>reipublicae</span> <span class='ocrx_word' id='word_1_94' title='bbox 930 1085 1050 1137; x_wconf 91' lang='lat' dir='ltr'>nostrae</span> <span class='ocrx_word' id='word_1_95' title='bbox 1072 1076 1170 1152; x_wconf 91' lang='lat' dir='ltr'>uellet,</span> 
     </span>
     <span class='ocr_line' id='line_1_12' title="bbox 98 1158 1208 1242; baseline -0.001 -20"><span class='ocrx_word' id='word_1_96' title='bbox 98 1170 266 1222; x_wconf 90' lang='lat' dir='ltr'>auersatum</span> <span class='ocrx_word' id='word_1_97' title='bbox 281 1178 355 1220; x_wconf 88' lang='lat' dir='ltr'>esse.</span> <span class='ocrx_word' id='word_1_98' title='bbox 389 1168 419 1219; x_wconf 90' lang='lat' dir='ltr'>et</span> <span class='ocrx_word' id='word_1_99' title='bbox 433 1171 591 1239; x_wconf 84' lang='lat' dir='ltr'>antequam</span> <span class='ocrx_word' id='word_1_100' title='bbox 606 1158 773 1221; x_wconf 86' lang='lat' dir='ltr'>obsiderem</span> <span class='ocrx_word' id='word_1_101' title='bbox 789 1161 957 1242; x_wconf 81' lang='lat' dir='ltr'>Syracusas,</span> <span class='ocrx_word' id='word_1_102' title='bbox 973 1179 1055 1222; x_wconf 90' lang='lat' dir='ltr'>nunc</span> <span class='ocrx_word' id='word_1_103' title='bbox 1069 1161 1172 1241; x_wconf 80' lang='lat' dir='ltr'>legatis</span> <span class='ocrx_word' id='word_1_104' title='bbox 1192 1171 1208 1221; x_wconf 82' lang='lat' dir='ltr'>t</span> 
     </span>
     <span class='ocr_line' id='line_1_13' title="bbox 97 1244 1171 1326; baseline 0.001 -21"><span class='ocrx_word' id='word_1_105' title='bbox 97 1245 249 1307; x_wconf 86' lang='lat' dir='ltr'>mittendis</span> <span class='ocrx_word' id='word_1_106' title='bbox 262 1262 343 1306; x_wconf 91' lang='lat' dir='ltr'>nunc</span> <span class='ocrx_word' id='word_1_107' title='bbox 354 1244 390 1305; x_wconf 84' lang='lat' dir='ltr'>sd</span> <span class='ocrx_word' id='word_1_108' title='bbox 402 1245 593 1324; x_wconf 89' lang='lat' dir='ltr'>conloquium</span> <span class='ocrx_word' id='word_1_109' title='bbox 610 1245 708 1307; x_wconf 90' lang='lat' dir='ltr'>eundo</span> <span class='ocrx_word' id='word_1_110' title='bbox 726 1246 865 1325; x_wconf 89' lang='lat' dir='ltr'>temptaui</span> <span class='ocrx_word' id='word_1_111' title='bbox 880 1264 999 1326; x_wconf 90' lang='lat' dir='ltr'>pacem;</span> <span class='ocrx_word' id='word_1_112' title='bbox 1015 1256 1045 1307; x_wconf 88' lang='lat' dir='ltr'>et</span> <span class='ocrx_word' id='word_1_113' title='bbox 1054 1256 1171 1325; x_wconf 92' lang='lat' dir='ltr'>postea·</span> 
     </span>
     <span class='ocr_line' id='line_1_14' title="bbox 98 1328 1171 1411; baseline 0.002 -20"><span class='ocrx_word' id='word_1_114' title='bbox 98 1349 185 1410; x_wconf 92' lang='lat' dir='ltr'>quam</span> <span class='ocrx_word' id='word_1_115' title='bbox 201 1348 301 1407; x_wconf 91' lang='lat' dir='ltr'>neque</span> <span class='ocrx_word' id='word_1_116' title='bbox 316 1328 428 1409; x_wconf 84' lang='lat' dir='ltr'>legatos</span> <span class='ocrx_word' id='word_1_117' title='bbox 443 1328 572 1391; x_wconf 92' lang='lat' dir='ltr'>uiolandi</span> <span class='ocrx_word' id='word_1_118' title='bbox 588 1329 769 1391; x_wconf 91' lang='lat' dir='ltr'>uerecundia</span> <span class='ocrx_word' id='word_1_119' title='bbox 784 1340 855 1404; x_wconf 83' lang='lat' dir='ltr'>erat,</span> <span class='ocrx_word' id='word_1_120' title='bbox 871 1349 928 1392; x_wconf 91' lang='lat' dir='ltr'>nec</span> <span class='ocrx_word' id='word_1_121' title='bbox 942 1330 1013 1392; x_wconf 93' lang='lat' dir='ltr'>mihi</span> <span class='ocrx_word' id='word_1_122' title='bbox 1028 1331 1084 1411; x_wconf 91' lang='lat' dir='ltr'>ipsi</span> <span class='ocrx_word' id='word_1_123' title='bbox 1100 1350 1171 1393; x_wconf 91' lang='lat' dir='ltr'>con-</span> 
     </span>
     <span class='ocr_line' id='line_1_15' title="bbox 98 1414 1172 1495; baseline -0.001 -16"><span class='ocrx_word' id='word_1_124' title='bbox 98 1435 199 1495; x_wconf 76' lang='lat' dir='ltr'>gresso</span> <span class='ocrx_word' id='word_1_125' title='bbox 223 1414 258 1475; x_wconf 93' lang='lat' dir='ltr'>ad</span> <span class='ocrx_word' id='word_1_126' title='bbox 280 1424 381 1494; x_wconf 91' lang='lat' dir='ltr'>portas</span> <span class='ocrx_word' id='word_1_127' title='bbox 403 1433 470 1476; x_wconf 89' lang='lat' dir='ltr'>cum</span> <span class='ocrx_word' id='word_1_128' title='bbox 494 1414 679 1494; x_wconf 90' lang='lat' dir='ltr'>principibus</span> <span class='ocrx_word' id='word_1_129' title='bbox 708 1433 884 1495; x_wconf 89' lang='lat' dir='ltr'>responsum</span> <span class='ocrx_word' id='word_1_130' title='bbox 906 1415 1044 1488; x_wconf 91' lang='lat' dir='ltr'>dabatur,</span> <span class='ocrx_word' id='word_1_131' title='bbox 1072 1416 1172 1478; x_wconf 90' lang='lat' dir='ltr'>multis</span> 
     </span>
     <span class='ocr_line' id='line_1_16' title="bbox 52 1498 1170 1581; baseline 0.003 -22"><span class='ocrx_word' id='word_1_132' title='bbox 52 1510 78 1559; x_wconf 77' lang='lat' dir='ltr'>lt</span> <span class='ocrx_word' id='word_1_133' title='bbox 98 1510 175 1563; x_wconf 92' lang='lat' dir='ltr'>terra</span> <span class='ocrx_word' id='word_1_134' title='bbox 189 1500 325 1578; x_wconf 88' lang='lat' dir='ltr'>marique</span> <span class='ocrx_word' id='word_1_135' title='bbox 345 1499 494 1561; x_wconf 81' lang='lat' dir='ltr'>exhaustis</span> <span class='ocrx_word' id='word_1_136' title='bbox 508 1498 659 1561; x_wconf 88' lang='lat' dir='ltr'>laboribus</span> <span class='ocrx_word' id='word_1_137' title='bbox 681 1499 801 1561; x_wconf 90' lang='lat' dir='ltr'>tandem</span> <span class='ocrx_word' id='word_1_138' title='bbox 824 1500 854 1562; x_wconf 92' lang='lat' dir='ltr'>ui</span> <span class='ocrx_word' id='word_1_139' title='bbox 877 1510 965 1579; x_wconf 85' lang='lat' dir='ltr'>atque</span> <span class='ocrx_word' id='word_1_140' title='bbox 980 1501 1068 1562; x_wconf 90' lang='lat' dir='ltr'>armis</span> <span class='ocrx_word' id='word_1_141' title='bbox 1083 1500 1170 1581; x_wconf 89' lang='lat' dir='ltr'>Syra-</span> 
     </span>
     <span class='ocr_line' id='line_1_17' title="bbox 98 1584 1208 1665; baseline -0.002 -18"><span class='ocrx_word' id='word_1_142' title='bbox 98 1604 182 1649; x_wconf 86' lang='lat' dir='ltr'>cusas</span> <span class='ocrx_word' id='word_1_143' title='bbox 204 1584 281 1664; x_wconf 88' lang='lat' dir='ltr'>cepi.</span> <span class='ocrx_word' id='word_1_144' title='bbox 325 1602 400 1663; x_wconf 93' lang='lat' dir='ltr'>quae</span> <span class='ocrx_word' id='word_1_145' title='bbox 422 1585 517 1664; x_wconf 90' lang='lat' dir='ltr'>captis</span> <span class='ocrx_word' id='word_1_146' title='bbox 538 1585 715 1660; x_wconf 80' lang='lat' dir='ltr'>acciderint,</span> <span class='ocrx_word' id='word_1_147' title='bbox 739 1594 810 1665; x_wconf 90' lang='lat' dir='ltr'>aput</span> <span class='ocrx_word' id='word_1_148' title='bbox 832 1585 1027 1647; x_wconf 87' lang='lat' dir='ltr'>Hannibalem</span> <span class='ocrx_word' id='word_1_149' title='bbox 1050 1594 1080 1646; x_wconf 89' lang='lat' dir='ltr'>et</span> <span class='ocrx_word' id='word_1_150' title='bbox 1102 1585 1208 1647; x_wconf 82' lang='lat' dir='ltr'>Gar-8</span> 
     </span>
     <span class='ocr_line' id='line_1_18' title="bbox 96 1668 1171 1751; baseline -0.001 -19"><span class='ocrx_word' id='word_1_151' title='bbox 96 1670 292 1751; x_wconf 78' lang='lat' dir='ltr'>thsginiensis</span> <span class='ocrx_word' id='word_1_152' title='bbox 313 1668 408 1731; x_wconf 90' lang='lat' dir='ltr'>uictos</span> <span class='ocrx_word' id='word_1_153' title='bbox 430 1669 536 1731; x_wconf 89' lang='lat' dir='ltr'>iustius</span> <span class='ocrx_word' id='word_1_154' title='bbox 558 1689 646 1749; x_wconf 92' lang='lat' dir='ltr'>quam</span> <span class='ocrx_word' id='word_1_155' title='bbox 668 1670 747 1750; x_wconf 93' lang='lat' dir='ltr'>apud</span> <span class='ocrx_word' id='word_1_156' title='bbox 771 1671 892 1733; x_wconf 89' lang='lat' dir='ltr'>uictoris</span> <span class='ocrx_word' id='word_1_157' title='bbox 913 1670 1016 1751; x_wconf 93' lang='lat' dir='ltr'>populi</span> <span class='ocrx_word' id='word_1_158' title='bbox 1035 1680 1171 1733; x_wconf 88' lang='lat' dir='ltr'>senatum</span> 
     </span>
     <span class='ocr_line' id='line_1_19' title="bbox 98 1755 1207 1836; baseline -0.004 -19"><span class='ocrx_word' id='word_1_159' title='bbox 98 1764 306 1836; x_wconf 88' lang='lat' dir='ltr'>quererentur.</span> <span class='ocrx_word' id='word_1_160' title='bbox 344 1773 409 1833; x_wconf 77' lang='lat' dir='ltr'>ego,</span> <span class='ocrx_word' id='word_1_161' title='bbox 432 1768 531 1834; x_wconf 90' lang='lat' dir='ltr'>patres</span> <span class='ocrx_word' id='word_1_162' title='bbox 545 1755 716 1835; x_wconf 88' lang='lat' dir='ltr'>conscripti,</span> <span class='ocrx_word' id='word_1_163' title='bbox 739 1755 899 1836; x_wconf 82' lang='lat' dir='ltr'>Syracusas</span> <span class='ocrx_word' id='word_1_164' title='bbox 915 1755 1054 1836; x_wconf 91' lang='lat' dir='ltr'>spoliatas</span> <span class='ocrx_word' id='word_1_165' title='bbox 1076 1756 1101 1818; x_wconf 93' lang='lat' dir='ltr'>si</span> <span class='ocrx_word' id='word_1_166' title='bbox 1118 1775 1170 1818; x_wconf 90' lang='lat' dir='ltr'>ne·</span> <span class='ocrx_word' id='word_1_167' title='bbox 1192 1762 1207 1813; x_wconf 85' lang='grc'>9</span> 
     </span>
     <span class='ocr_line' id='line_1_20' title="bbox 97 1840 1171 1921; baseline -0.001 -19"><span class='ocrx_word' id='word_1_168' title='bbox 97 1852 220 1921; x_wconf 81' lang='lat' dir='ltr'>gaturus</span> <span class='ocrx_word' id='word_1_169' title='bbox 249 1857 359 1913; x_wconf 66' lang='lat' dir='ltr'>essum</span> <span class='ocrx_word' id='word_1_170' title='bbox 390 1857 550 1919; x_wconf 90' lang='lat' dir='ltr'>numquam</span> <span class='ocrx_word' id='word_1_171' title='bbox 579 1840 680 1920; x_wconf 88' lang='lat' dir='ltr'>spohis</span> <span class='ocrx_word' id='word_1_172' title='bbox 708 1858 810 1902; x_wconf 91' lang='lat' dir='ltr'>earum</span> <span class='ocrx_word' id='word_1_173' title='bbox 838 1840 942 1902; x_wconf 87' lang='lat' dir='ltr'>urbem</span> <span class='ocrx_word' id='word_1_174' title='bbox 968 1840 1090 1903; x_wconf 83' lang='lat' dir='ltr'>llomam</span> <span class='ocrx_word' id='word_1_175' title='bbox 1121 1860 1171 1903; x_wconf 86' lang='lat' dir='ltr'>ex·</span> 
     </span>
     <span class='ocr_line' id='line_1_21' title="bbox 50 1925 1171 2004; baseline 0.001 -18"><span class='ocrx_word' id='word_1_176' title='bbox 50 1936 77 1986; x_wconf 75' lang='lat' dir='ltr'>m</span> <span class='ocrx_word' id='word_1_177' title='bbox 97 1943 247 1988; x_wconf 88' lang='lat' dir='ltr'>ornarem.</span> <span class='ocrx_word' id='word_1_178' title='bbox 284 1942 360 2004; x_wconf 89' lang='lat' dir='ltr'>quae</span> <span class='ocrx_word' id='word_1_179' title='bbox 382 1932 480 1986; x_wconf 90' lang='lat' dir='ltr'>autem</span> <span class='ocrx_word' id='word_1_180' title='bbox 495 1925 619 2003; x_wconf 78' lang='lat' dir='ltr'>singulis</span> <span class='ocrx_word' id='word_1_181' title='bbox 641 1925 738 1987; x_wconf 93' lang='lat' dir='ltr'>uictor</span> <span class='ocrx_word' id='word_1_182' title='bbox 760 1935 811 1987; x_wconf 91' lang='lat' dir='ltr'>aut</span> <span class='ocrx_word' id='word_1_183' title='bbox 825 1926 920 1988; x_wconf 88' lang='lat' dir='ltr'>ademi</span> <span class='ocrx_word' id='word_1_184' title='bbox 940 1934 991 1987; x_wconf 89' lang='lat' dir='ltr'>aut</span> <span class='ocrx_word' id='word_1_185' title='bbox 1005 1926 1081 2001; x_wconf 90' lang='lat' dir='ltr'>dedi,</span> <span class='ocrx_word' id='word_1_186' title='bbox 1103 1945 1171 1989; x_wconf 92' lang='lat' dir='ltr'>cum</span> 
     </span>
     <span class='ocr_line' id='line_1_22' title="bbox 96 2009 1223 2089; baseline 0 -16"><span class='ocrx_word' id='word_1_187' title='bbox 96 2010 167 2073; x_wconf 91' lang='lat' dir='ltr'>belli</span> <span class='ocrx_word' id='word_1_188' title='bbox 190 2011 258 2072; x_wconf 90' lang='lat' dir='ltr'>iure</span> <span class='ocrx_word' id='word_1_189' title='bbox 280 2019 343 2071; x_wconf 89' lang='lat' dir='ltr'>tum</span> <span class='ocrx_word' id='word_1_190' title='bbox 373 2029 408 2070; x_wconf 92' lang='lat' dir='ltr'>ex</span> <span class='ocrx_word' id='word_1_191' title='bbox 430 2009 574 2089; x_wconf 88' lang='lat' dir='ltr'>cuiusque</span> <span class='ocrx_word' id='word_1_192' title='bbox 602 2011 708 2072; x_wconf 92' lang='lat' dir='ltr'>merito</span> <span class='ocrx_word' id='word_1_193' title='bbox 736 2011 806 2073; x_wconf 91' lang='lat' dir='ltr'>satis</span> <span class='ocrx_word' id='word_1_194' title='bbox 828 2010 889 2073; x_wconf 92' lang='lat' dir='ltr'>scio</span> <span class='ocrx_word' id='word_1_195' title='bbox 910 2030 959 2071; x_wconf 89' lang='lat' dir='ltr'>me</span> <span class='ocrx_word' id='word_1_196' title='bbox 981 2012 1094 2073; x_wconf 80' lang='lat' dir='ltr'>fecisse.</span> <span class='ocrx_word' id='word_1_197' title='bbox 1139 2030 1171 2073; x_wconf 94' lang='lat' dir='ltr'>ea</span> <span class='ocrx_word' id='word_1_198' title='bbox 1195 2016 1223 2067; x_wconf 86' lang='lat'>1⁰</span> 
     </span>
     <span class='ocr_line' id='line_1_23' title="bbox 98 2092 1172 2177; baseline 0 -19"><span class='ocrx_word' id='word_1_199' title='bbox 98 2116 153 2160; x_wconf 88' lang='lat' dir='ltr'>uos</span> <span class='ocrx_word' id='word_1_200' title='bbox 174 2106 241 2158; x_wconf 89' lang='lat' dir='ltr'>rata</span> <span class='ocrx_word' id='word_1_201' title='bbox 261 2092 401 2171; x_wconf 90' lang='lat' dir='ltr'>babeatis,</span> <span class='ocrx_word' id='word_1_202' title='bbox 423 2103 522 2175; x_wconf 80' lang='lat' dir='ltr'>patres</span> <span class='ocrx_word' id='word_1_203' title='bbox 544 2095 714 2176; x_wconf 90' lang='lat' dir='ltr'>conscripti,</span> <span class='ocrx_word' id='word_1_204' title='bbox 738 2114 842 2172; x_wconf 89' lang='lat' dir='ltr'>neone,</span> <span class='ocrx_word' id='word_1_205' title='bbox 865 2096 957 2175; x_wconf 79' lang='lat' dir='ltr'>magis</span> <span class='ocrx_word' id='word_1_206' title='bbox 979 2096 1172 2177; x_wconf 89' lang='lat' dir='ltr'>reipublicae</span> 
     </span>
     <span class='ocr_line' id='line_1_24' title="bbox 97 2180 1171 2262; baseline 0 -18"><span class='ocrx_word' id='word_1_207' title='bbox 97 2182 224 2244; x_wconf 90' lang='lat' dir='ltr'>interest</span> <span class='ocrx_word' id='word_1_208' title='bbox 248 2198 336 2262; x_wconf 91' lang='lat' dir='ltr'>quam</span> <span class='ocrx_word' id='word_1_209' title='bbox 358 2199 434 2242; x_wconf 92' lang='lat' dir='ltr'>mea.</span> <span class='ocrx_word' id='word_1_210' title='bbox 477 2180 587 2261; x_wconf 89' lang='lat' dir='ltr'>quippe</span> <span class='ocrx_word' id='word_1_211' title='bbox 609 2200 675 2242; x_wconf 92' lang='lat' dir='ltr'>mea</span> <span class='ocrx_word' id='word_1_212' title='bbox 703 2181 776 2243; x_wconf 88' lang='lat' dir='ltr'>fidos</span> <span class='ocrx_word' id='word_1_213' title='bbox 803 2182 936 2244; x_wconf 83' lang='lat' dir='ltr'>exsoluta</span> <span class='ocrx_word' id='word_1_214' title='bbox 958 2191 1017 2244; x_wconf 89' lang='lat' dir='ltr'>est:</span> <span class='ocrx_word' id='word_1_215' title='bbox 1045 2183 1079 2243; x_wconf 94' lang='lat' dir='ltr'>ad</span> <span class='ocrx_word' id='word_1_216' title='bbox 1109 2201 1171 2244; x_wconf 89' lang='lat' dir='ltr'>rem</span> 
     </span>
     <span class='ocr_line' id='line_1_25' title="bbox 98 2265 1170 2347; baseline -0.002 -18"><span class='ocrx_word' id='word_1_217' title='bbox 98 2267 250 2347; x_wconf 81' lang='lat' dir='ltr'>publicum</span> <span class='ocrx_word' id='word_1_218' title='bbox 271 2265 411 2346; x_wconf 87' lang='lat' dir='ltr'>pertinet,</span> <span class='ocrx_word' id='word_1_219' title='bbox 434 2285 473 2327; x_wconf 92' lang='lat' dir='ltr'>ne</span> <span class='ocrx_word' id='word_1_220' title='bbox 495 2275 559 2327; x_wconf 91' lang='lat' dir='ltr'>acta</span> <span class='ocrx_word' id='word_1_221' title='bbox 574 2285 638 2327; x_wconf 92' lang='lat' dir='ltr'>mea</span> <span class='ocrx_word' id='word_1_222' title='bbox 660 2266 856 2328; x_wconf 91' lang='lat' dir='ltr'>rescindendo</span> <span class='ocrx_word' id='word_1_223' title='bbox 879 2266 951 2328; x_wconf 93' lang='lat' dir='ltr'>alios</span> <span class='ocrx_word' id='word_1_224' title='bbox 972 2267 1170 2346; x_wconf 90' lang='lat' dir='ltr'>inposterum</span> 
     </span>
     <span class='ocr_line' id='line_1_26' title="bbox 49 2350 1223 2434; baseline 0.001 -23"><span class='ocrx_word' id='word_1_225' title='bbox 49 2360 76 2411; x_wconf 78' lang='lat' dir='ltr'>to</span> <span class='ocrx_word' id='word_1_226' title='bbox 95 2354 253 2434; x_wconf 77' lang='lat' dir='ltr'>segniores</span> <span class='ocrx_word' id='word_1_227' title='bbox 274 2350 366 2412; x_wconf 91' lang='lat' dir='ltr'>duces</span> <span class='ocrx_word' id='word_1_228' title='bbox 391 2350 512 2412; x_wconf 87' lang='lat' dir='ltr'>laciatis.</span> <span class='ocrx_word' id='word_1_229' title='bbox 557 2360 588 2412; x_wconf 89' lang='lat' dir='ltr'>et</span> <span class='ocrx_word' id='word_1_230' title='bbox 610 2351 750 2430; x_wconf 92' lang='lat' dir='ltr'>quoniam</span> <span class='ocrx_word' id='word_1_231' title='bbox 773 2369 872 2413; x_wconf 93' lang='lat' dir='ltr'>eoram</span> <span class='ocrx_word' id='word_1_232' title='bbox 903 2359 933 2412; x_wconf 93' lang='lat' dir='ltr'>et</span> <span class='ocrx_word' id='word_1_233' title='bbox 954 2351 1121 2413; x_wconf 92' lang='lat' dir='ltr'>Siculorum</span> <span class='ocrx_word' id='word_1_234' title='bbox 1145 2363 1174 2413; x_wconf 90' lang='lat' dir='ltr'>et</span> <span class='ocrx_word' id='word_1_235' title='bbox 1195 2356 1223 2407; x_wconf 88' lang='lat'>11</span> 
     </span>
     <span class='ocr_line' id='line_1_27' title="bbox 97 2435 1172 2516; baseline -0.004 -16"><span class='ocrx_word' id='word_1_236' title='bbox 97 2457 161 2500; x_wconf 92' lang='lat' dir='ltr'>mea</span> <span class='ocrx_word' id='word_1_237' title='bbox 185 2435 281 2501; x_wconf 91' lang='lat' dir='ltr'>uerba</span> <span class='ocrx_word' id='word_1_238' title='bbox 310 2435 446 2509; x_wconf 89' lang='lat' dir='ltr'>audistis,</span> <span class='ocrx_word' id='word_1_239' title='bbox 474 2447 575 2515; x_wconf 89' lang='lat' dir='ltr'>patres</span> <span class='ocrx_word' id='word_1_240' title='bbox 596 2436 774 2516; x_wconf 90' lang='lat' dir='ltr'>conscripti,</span> <span class='ocrx_word' id='word_1_241' title='bbox 802 2435 888 2498; x_wconf 89' lang='lat' dir='ltr'>simul</span> <span class='ocrx_word' id='word_1_242' title='bbox 917 2436 1027 2516; x_wconf 92' lang='lat' dir='ltr'>templo</span> <span class='ocrx_word' id='word_1_243' title='bbox 1050 2437 1172 2498; x_wconf 86' lang='lat' dir='ltr'>excedo-</span> 
     </span>
     <span class='ocr_line' id='line_1_28' title="bbox 96 2517 1172 2602; baseline -0.002 -19"><span class='ocrx_word' id='word_1_244' title='bbox 96 2541 171 2597; x_wconf 88' lang='lat' dir='ltr'>mus‚</span> <span class='ocrx_word' id='word_1_245' title='bbox 195 2531 232 2584; x_wconf 92' lang='lat' dir='ltr'>ut</span> <span class='ocrx_word' id='word_1_246' title='bbox 246 2540 293 2582; x_wconf 92' lang='lat' dir='ltr'>me</span> <span class='ocrx_word' id='word_1_247' title='bbox 309 2528 432 2600; x_wconf 88' lang='lat' dir='ltr'>apsente</span> <span class='ocrx_word' id='word_1_248' title='bbox 446 2520 568 2582; x_wconf 90' lang='lat' dir='ltr'>liberius</span> <span class='ocrx_word' id='word_1_249' title='bbox 582 2521 699 2584; x_wconf 91' lang='lat' dir='ltr'>consuli</span> <span class='ocrx_word' id='word_1_250' title='bbox 714 2529 834 2586; x_wconf 87' lang='lat' dir='ltr'>senatus</span> <span class='ocrx_word' id='word_1_251' title='bbox 850 2517 960 2602; x_wconf 88' lang='lat' dir='ltr'>possit&#39;</span> <span class='ocrx_word' id='word_1_252' title='bbox 999 2521 1038 2582; x_wconf 89' lang='lat' dir='ltr'>ita</span> <span class='ocrx_word' id='word_1_253' title='bbox 1061 2521 1172 2583; x_wconf 91' lang='lat' dir='ltr'>dimissi</span> 
     </span>
     <span class='ocr_line' id='line_1_29' title="bbox 97 2604 975 2686; baseline -0.006 -15"><span class='ocrx_word' id='word_1_254' title='bbox 97 2609 198 2679; x_wconf 83' lang='lat' dir='ltr'>Siculi,</span> <span class='ocrx_word' id='word_1_255' title='bbox 225 2615 254 2667; x_wconf 92' lang='lat' dir='ltr'>et</span> <span class='ocrx_word' id='word_1_256' title='bbox 275 2605 339 2685; x_wconf 89' lang='lat' dir='ltr'>ipse</span> <span class='ocrx_word' id='word_1_257' title='bbox 360 2605 392 2666; x_wconf 94' lang='lat' dir='ltr'>in</span> <span class='ocrx_word' id='word_1_258' title='bbox 416 2604 592 2686; x_wconf 85' lang='lat' dir='ltr'>Capitolium</span> <span class='ocrx_word' id='word_1_259' title='bbox 615 2607 650 2667; x_wconf 92' lang='lat' dir='ltr'>ad</span> <span class='ocrx_word' id='word_1_260' title='bbox 672 2605 812 2668; x_wconf 90' lang='lat' dir='ltr'>dilectum</span> <span class='ocrx_word' id='word_1_261' title='bbox 834 2606 975 2668; x_wconf 88' lang='lat' dir='ltr'>discessit.</span> 
     </span>
     <span class='ocr_line' id='line_1_30' title="bbox 183 2689 1223 2771; baseline -0.001 -17"><span class='ocrx_word' id='word_1_262' title='bbox 183 2691 299 2755; x_wconf 86' lang='lat' dir='ltr'>Consul</span> <span class='ocrx_word' id='word_1_263' title='bbox 325 2689 399 2752; x_wconf 91' lang='lat' dir='ltr'>alter</span> <span class='ocrx_word' id='word_1_264' title='bbox 420 2691 456 2752; x_wconf 94' lang='lat' dir='ltr'>de</span> <span class='ocrx_word' id='word_1_265' title='bbox 479 2691 635 2770; x_wconf 91' lang='lat' dir='ltr'>postulatis</span> <span class='ocrx_word' id='word_1_266' title='bbox 662 2691 832 2753; x_wconf 86' lang='lat' dir='ltr'>Siculorum</span> <span class='ocrx_word' id='word_1_267' title='bbox 861 2692 895 2753; x_wconf 93' lang='lat' dir='ltr'>ad</span> <span class='ocrx_word' id='word_1_268' title='bbox 924 2700 1023 2771; x_wconf 91' lang='lat' dir='ltr'>patres</span> <span class='ocrx_word' id='word_1_269' title='bbox 1051 2689 1223 2753; x_wconf 69' lang='lat' dir='ltr'>rettulisti</span> 
     </span>
     <span class='ocr_line' id='line_1_31' title="bbox 49 2775 1172 2856; baseline 0.003 -20"><span class='ocrx_word' id='word_1_270' title='bbox 49 2785 76 2836; x_wconf 78' lang='lat' dir='ltr'>tt</span> <span class='ocrx_word' id='word_1_271' title='bbox 96 2779 136 2840; x_wconf 92' lang='lat' dir='ltr'>ihi</span> <span class='ocrx_word' id='word_1_272' title='bbox 158 2796 231 2841; x_wconf 90' lang='lat' dir='ltr'>cum</span> <span class='ocrx_word' id='word_1_273' title='bbox 254 2775 306 2837; x_wconf 93' lang='lat' dir='ltr'>diu</span> <span class='ocrx_word' id='word_1_274' title='bbox 326 2775 483 2837; x_wconf 89' lang='lat' dir='ltr'>sententiis</span> <span class='ocrx_word' id='word_1_275' title='bbox 504 2785 648 2838; x_wconf 90' lang='lat' dir='ltr'>certatum</span> <span class='ocrx_word' id='word_1_276' title='bbox 666 2786 753 2852; x_wconf 90' lang='lat' dir='ltr'>esset,</span> <span class='ocrx_word' id='word_1_277' title='bbox 776 2785 806 2838; x_wconf 93' lang='lat' dir='ltr'>et</span> <span class='ocrx_word' id='word_1_278' title='bbox 825 2795 931 2856; x_wconf 80' lang='lat' dir='ltr'>magna</span> <span class='ocrx_word' id='word_1_279' title='bbox 953 2794 1023 2856; x_wconf 93' lang='lat' dir='ltr'>pars</span> <span class='ocrx_word' id='word_1_280' title='bbox 1044 2786 1172 2850; x_wconf 91' lang='lat' dir='ltr'>senatus,</span> 
     </span>
     <span class='ocr_line' id='line_1_32' title="bbox 97 2860 1210 2944; baseline -0.006 -19"><span class='ocrx_word' id='word_1_281' title='bbox 97 2863 237 2944; x_wconf 89' lang='lat' dir='ltr'>principe</span> <span class='ocrx_word' id='word_1_282' title='bbox 265 2861 328 2922; x_wconf 89' lang='lat' dir='ltr'>eius</span> <span class='ocrx_word' id='word_1_283' title='bbox 354 2860 519 2922; x_wconf 89' lang='lat' dir='ltr'>sententiae</span> <span class='ocrx_word' id='word_1_284' title='bbox 547 2861 582 2922; x_wconf 88' lang='grc' dir='ltr'>Τ.</span> <span class='ocrx_word' id='word_1_285' title='bbox 609 2860 719 2923; x_wconf 85' lang='lat' dir='ltr'>blanlio</span> <span class='ocrx_word' id='word_1_286' title='bbox 750 2861 915 2941; x_wconf 82' lang='lat' dir='ltr'>Torquato,</span> <span class='ocrx_word' id='word_1_287' title='bbox 945 2879 1011 2924; x_wconf 91' lang='lat' dir='ltr'>cum</span> <span class='ocrx_word' id='word_1_288' title='bbox 1040 2863 1210 2942; x_wconf 75' lang='lat' dir='ltr'>tyrannist</span> 
     </span>
     <span class='ocr_line' id='line_1_33' title="bbox 97 2945 1171 3028; baseline -0.003 -17"><span class='ocrx_word' id='word_1_289' title='bbox 97 2949 209 3011; x_wconf 92' lang='lat' dir='ltr'>bellum</span> <span class='ocrx_word' id='word_1_290' title='bbox 233 2945 397 3026; x_wconf 78' lang='lat' dir='ltr'>gerendum</span> <span class='ocrx_word' id='word_1_291' title='bbox 419 2945 509 3008; x_wconf 90' lang='lat' dir='ltr'>luisse</span> <span class='ocrx_word' id='word_1_292' title='bbox 532 2957 700 3020; x_wconf 87' lang='lat' dir='ltr'>censerent,</span> <span class='ocrx_word' id='word_1_293' title='bbox 722 2946 857 3009; x_wconf 84' lang='lat' dir='ltr'>hostibus</span> <span class='ocrx_word' id='word_1_294' title='bbox 875 2956 905 3009; x_wconf 90' lang='lat' dir='ltr'>et</span> <span class='ocrx_word' id='word_1_295' title='bbox 920 2947 1171 3028; x_wconf 89' lang='lat' dir='ltr'>Syracusanorum</span> 
     </span>
     <span class='ocr_line' id='line_1_34' title="bbox 98 3030 1172 3114; baseline -0.003 -19"><span class='ocrx_word' id='word_1_296' title='bbox 98 3045 128 3095; x_wconf 89' lang='lat' dir='ltr'>et</span> <span class='ocrx_word' id='word_1_297' title='bbox 148 3032 258 3114; x_wconf 87' lang='lat' dir='ltr'>populi</span> <span class='ocrx_word' id='word_1_298' title='bbox 278 3030 420 3105; x_wconf 87' lang='lat' dir='ltr'>Romani,</span> <span class='ocrx_word' id='word_1_299' title='bbox 449 3039 479 3091; x_wconf 91' lang='lat' dir='ltr'>et</span> <span class='ocrx_word' id='word_1_300' title='bbox 506 3031 611 3093; x_wconf 91' lang='lat' dir='ltr'>urbem</span> <span class='ocrx_word' id='word_1_301' title='bbox 639 3032 746 3113; x_wconf 89' lang='lat' dir='ltr'>recipi,</span> <span class='ocrx_word' id='word_1_302' title='bbox 774 3051 835 3094; x_wconf 92' lang='lat' dir='ltr'>non</span> <span class='ocrx_word' id='word_1_303' title='bbox 859 3031 940 3111; x_wconf 90' lang='lat' dir='ltr'>capi,</span> <span class='ocrx_word' id='word_1_304' title='bbox 969 3041 999 3093; x_wconf 90' lang='lat' dir='ltr'>et</span> <span class='ocrx_word' id='word_1_305' title='bbox 1024 3041 1172 3111; x_wconf 89' lang='lat' dir='ltr'>receptam</span> 
     </span>
     <span class='ocr_line' id='line_1_35' title="bbox 98 3114 1173 3199; baseline -0.002 -19"><span class='ocrx_word' id='word_1_306' title='bbox 98 3119 216 3199; x_wconf 82' lang='lat' dir='ltr'>legibus</span> <span class='ocrx_word' id='word_1_307' title='bbox 237 3116 368 3194; x_wconf 90' lang='lat' dir='ltr'>antiquis</span> <span class='ocrx_word' id='word_1_308' title='bbox 394 3123 423 3176; x_wconf 93' lang='lat' dir='ltr'>et</span> <span class='ocrx_word' id='word_1_309' title='bbox 451 3114 586 3178; x_wconf 90' lang='lat' dir='ltr'>libertate</span> <span class='ocrx_word' id='word_1_310' title='bbox 615 3117 752 3192; x_wconf 91' lang='lat' dir='ltr'>stabiliri,</span> <span class='ocrx_word' id='word_1_311' title='bbox 785 3136 845 3178; x_wconf 91' lang='lat' dir='ltr'>non</span> <span class='ocrx_word' id='word_1_312' title='bbox 875 3117 979 3178; x_wconf 88' lang='lat' dir='ltr'>lessam</span> <span class='ocrx_word' id='word_1_313' title='bbox 1008 3117 1173 3179; x_wconf 90' lang='lat' dir='ltr'>miseranda</span> 
     </span>
     <span class='ocr_line' id='line_1_36' title="bbox 51 3200 1210 3282; baseline -0.006 -15"><span class='ocrx_word' id='word_1_314' title='bbox 51 3211 78 3260; x_wconf 68' lang='grc'>15</span> <span class='ocrx_word' id='word_1_315' title='bbox 97 3205 246 3266; x_wconf 88' lang='lat' dir='ltr'>seruitute</span> <span class='ocrx_word' id='word_1_316' title='bbox 260 3200 338 3262; x_wconf 92' lang='lat' dir='ltr'>hello</span> <span class='ocrx_word' id='word_1_317' title='bbox 353 3200 466 3280; x_wconf 78' lang='lat' dir='ltr'>adlligi:</span> <span class='ocrx_word' id='word_1_318' title='bbox 489 3200 569 3263; x_wconf 89' lang='lat' dir='ltr'>inter</span> <span class='ocrx_word' id='word_1_319' title='bbox 582 3212 778 3282; x_wconf 89' lang='lat' dir='ltr'>tyrannorum</span> <span class='ocrx_word' id='word_1_320' title='bbox 797 3213 826 3263; x_wconf 89' lang='lat' dir='ltr'>et</span> <span class='ocrx_word' id='word_1_321' title='bbox 840 3201 924 3262; x_wconf 88' lang='lat' dir='ltr'>ducis</span> <span class='ocrx_word' id='word_1_322' title='bbox 938 3201 1064 3262; x_wconf 86' lang='lat' dir='ltr'>Romani</span> <span class='ocrx_word' id='word_1_323' title='bbox 1079 3210 1173 3263; x_wconf 88' lang='lat' dir='ltr'>certa·</span> <span class='ocrx_word' id='word_1_324' title='bbox 1195 3210 1210 3260; x_wconf 80' lang='lat' dir='ltr'>a</span> 
     </span>
    </p>
   </div>
   <div class='ocr_carea' id='block_1_3' title="bbox 99 3335 1176 3879">
    <p class='ocr_par' dir='ltr' id='par_1_3' title="bbox 99 3335 1176 3879">
     <span class='ocr_line' id='line_1_37' title="bbox 169 3335 1176 3402; baseline -0.003 -11"><span class='ocrx_word' id='word_1_325' title='bbox 169 3343 180 3391; x_wconf 93' lang='lat' dir='ltr'>l</span> <span class='ocrx_word' id='word_1_326' title='bbox 202 3350 262 3389; x_wconf 83' lang='lat' dir='ltr'>snm</span> <span class='ocrx_word' id='word_1_327' title='bbox 281 3343 302 3398; x_wconf 86' lang='grc' dir='ltr'><strong><em>ς</em></strong></span> <span class='ocrx_word' id='word_1_328' title='bbox 318 3335 367 3387; x_wconf 88' lang='lat' dir='ltr'>rim</span> <span class='ocrx_word' id='word_1_329' title='bbox 385 3335 456 3402; x_wconf 76' lang='lat' dir='ltr'>Pyr</span> <span class='ocrx_word' id='word_1_330' title='bbox 474 3335 629 3388; x_wconf 90' lang='lat' dir='ltr'>moerichum</span> <span class='ocrx_word' id='word_1_331' title='bbox 647 3335 690 3402; x_wconf 83' lang='grc' dir='ltr'>ΡΙ</span> <span class='ocrx_word' id='word_1_332' title='bbox 703 3339 798 3388; x_wconf 85' lang='lat' dir='ltr'>tantam</span> <span class='ocrx_word' id='word_1_333' title='bbox 816 3348 869 3386; x_wconf 89' lang='lat' dir='ltr'>rem</span> <span class='ocrx_word' id='word_1_334' title='bbox 887 3335 941 3398; x_wconf 82' lang='lat' dir='ltr'>(uel</span> <span class='ocrx_word' id='word_1_335' title='bbox 956 3347 1009 3385; x_wconf 88' lang='lat' dir='ltr'>rem</span> <span class='ocrx_word' id='word_1_336' title='bbox 1023 3337 1118 3386; x_wconf 74' lang='lat' dir='ltr'>mutam</span> <span class='ocrx_word' id='word_1_337' title='bbox 1131 3337 1176 3388; x_wconf 80' lang='lat' dir='ltr'>arel</span> 
     </span>
     <span class='ocr_line' id='line_1_38' title="bbox 99 3401 1174 3472; baseline -0.007 -14"><span class='ocrx_word' id='word_1_338' title='bbox 99 3409 210 3470; x_wconf 80' lang='lat' dir='ltr'>tantum)</span> <span class='ocrx_word' id='word_1_339' title='bbox 228 3403 358 3456; x_wconf 83' lang='lat' dir='ltr'>crederem</span> <span class='ocrx_word' id='word_1_340' title='bbox 377 3408 396 3468; x_wconf 88' lang='grc' dir='ltr'><strong><em>ς</em></strong></span> <span class='ocrx_word' id='word_1_341' title='bbox 413 3409 511 3456; x_wconf 84' lang='lat' dir='ltr'>tantam</span> <span class='ocrx_word' id='word_1_342' title='bbox 524 3403 652 3456; x_wconf 83' lang='lat' dir='ltr'>crederem</span> <span class='ocrx_word' id='word_1_343' title='bbox 665 3406 689 3455; x_wconf 83' lang='grc' dir='ltr'><em>Ρ</em></span> <span class='ocrx_word' id='word_1_344' title='bbox 698 3409 794 3456; x_wconf 84' lang='lat' dir='ltr'>tantam</span> <span class='ocrx_word' id='word_1_345' title='bbox 807 3402 935 3454; x_wconf 89' lang='lat' dir='ltr'>crederem</span> <span class='ocrx_word' id='word_1_346' title='bbox 948 3416 1001 3453; x_wconf 91' lang='lat' dir='ltr'>rem</span> <span class='ocrx_word' id='word_1_347' title='bbox 1013 3401 1174 3472; x_wconf 70' lang='lat' dir='ltr'>Boettcher-q</span> 
     </span>
     <span class='ocr_line' id='line_1_39' title="bbox 100 3468 1174 3539; baseline -0.006 -12"><span class='ocrx_word' id='word_1_348' title='bbox 100 3475 175 3527; x_wconf 79' lang='lat' dir='ltr'>unic</span> <span class='ocrx_word' id='word_1_349' title='bbox 193 3478 215 3538; x_wconf 89' lang='grc' dir='ltr'><strong><em>ς</em></strong></span> <span class='ocrx_word' id='word_1_350' title='bbox 233 3471 274 3522; x_wconf 88' lang='lat' dir='ltr'>his</span> <span class='ocrx_word' id='word_1_351' title='bbox 291 3472 361 3534; x_wconf 77' lang='lat' dir='ltr'>Pyr</span> <span class='ocrx_word' id='word_1_352' title='bbox 381 3471 535 3524; x_wconf 85' lang='lat' dir='ltr'>contimeliis</span> <span class='ocrx_word' id='word_1_353' title='bbox 553 3471 593 3536; x_wconf 79' lang='lat'>1³¹,</span> <span class='ocrx_word' id='word_1_354' title='bbox 612 3487 681 3523; x_wconf 80' lang='lat' dir='ltr'>corr.</span> <span class='ocrx_word' id='word_1_355' title='bbox 700 3470 734 3523; x_wconf 74' lang='grc' dir='ltr'>ΡΙ</span> <span class='ocrx_word' id='word_1_356' title='bbox 745 3473 755 3538; x_wconf 87' lang='grc' dir='ltr'>ΙΙ</span> <span class='ocrx_word' id='word_1_357' title='bbox 770 3474 801 3523; x_wconf 82' lang='lat' dir='ltr'>to</span> <span class='ocrx_word' id='word_1_358' title='bbox 819 3469 899 3522; x_wconf 90' lang='lat' dir='ltr'>uellet</span> <span class='ocrx_word' id='word_1_359' title='bbox 918 3468 1000 3521; x_wconf 83' lang='lat' dir='ltr'>Gron.</span> <span class='ocrx_word' id='word_1_360' title='bbox 1019 3469 1084 3521; x_wconf 89' lang='lat' dir='ltr'>uelit</span> <span class='ocrx_word' id='word_1_361' title='bbox 1096 3475 1122 3521; x_wconf 91' lang='lat' dir='ltr'>et</span> <span class='ocrx_word' id='word_1_362' title='bbox 1134 3470 1174 3539; x_wconf 81' lang='grc' dir='ltr'>ΡΙΙ</span> 
     </span>
     <span class='ocr_line' id='line_1_40' title="bbox 100 3535 1174 3605; baseline -0.003 -11"><span class='ocrx_word' id='word_1_363' title='bbox 100 3545 132 3595; x_wconf 82' lang='grc'>12</span> <span class='ocrx_word' id='word_1_364' title='bbox 140 3556 195 3595; x_wconf 89' lang='lat' dir='ltr'>nnn</span> <span class='ocrx_word' id='word_1_365' title='bbox 204 3539 240 3593; x_wconf 83' lang='lat' dir='ltr'>ad</span> <span class='ocrx_word' id='word_1_366' title='bbox 249 3538 292 3605; x_wconf 82' lang='grc' dir='ltr'>ΡΙ</span> <span class='ocrx_word' id='word_1_367' title='bbox 306 3541 337 3592; x_wconf 80' lang='grc'>13</span> <span class='ocrx_word' id='word_1_368' title='bbox 349 3537 462 3592; x_wconf 88' lang='lat' dir='ltr'>uiolendi</span> <span class='ocrx_word' id='word_1_369' title='bbox 475 3537 612 3592; x_wconf 86' lang='lat' dir='ltr'>uerecundi</span> <span class='ocrx_word' id='word_1_370' title='bbox 624 3539 664 3602; x_wconf 61' lang='grc' dir='ltr'>ΡΙ,</span> <span class='ocrx_word' id='word_1_371' title='bbox 676 3555 747 3591; x_wconf 82' lang='lat' dir='ltr'>corr.</span> <span class='ocrx_word' id='word_1_372' title='bbox 760 3537 793 3590; x_wconf 74' lang='lat'>1²¹</span> <span class='ocrx_word' id='word_1_373' title='bbox 805 3536 815 3605; x_wconf 80' lang='grc' dir='ltr'>ΙΙ</span> <span class='ocrx_word' id='word_1_374' title='bbox 829 3540 861 3590; x_wconf 83' lang='lat'>14</span> <span class='ocrx_word' id='word_1_375' title='bbox 873 3536 998 3589; x_wconf 88' lang='lat' dir='ltr'>dabantur</span> <span class='ocrx_word' id='word_1_376' title='bbox 1009 3535 1050 3604; x_wconf 75' lang='lat' dir='ltr'>Pl</span> <span class='ocrx_word' id='word_1_377' title='bbox 1065 3538 1097 3589; x_wconf 83' lang='lat' dir='ltr'>to</span> <span class='ocrx_word' id='word_1_378' title='bbox 1109 3540 1174 3591; x_wconf 87' lang='lat' dir='ltr'>acci·</span> 
     </span>
     <span class='ocr_line' id='line_1_41' title="bbox 100 3605 1175 3674; baseline -0.004 -14"><span class='ocrx_word' id='word_1_379' title='bbox 100 3609 193 3662; x_wconf 88' lang='lat' dir='ltr'>derunt</span> <span class='ocrx_word' id='word_1_380' title='bbox 210 3611 283 3660; x_wconf 78' lang='lat' dir='ltr'>cont.</span> <span class='ocrx_word' id='word_1_381' title='bbox 303 3606 421 3674; x_wconf 69' lang='lat' dir='ltr'>esungq</span> <span class='ocrx_word' id='word_1_382' title='bbox 436 3610 465 3659; x_wconf 81' lang='lat' dir='ltr'>lt</span> <span class='ocrx_word' id='word_1_383' title='bbox 484 3608 568 3659; x_wconf 89' lang='lat' dir='ltr'>uictos</span> <span class='ocrx_word' id='word_1_384' title='bbox 587 3613 607 3669; x_wconf 89' lang='grc' dir='ltr'><em>ς</em></span> <span class='ocrx_word' id='word_1_385' title='bbox 623 3607 770 3659; x_wconf 78' lang='lat' dir='ltr'>Douiattm</span> <span class='ocrx_word' id='word_1_386' title='bbox 784 3607 882 3658; x_wconf 90' lang='lat' dir='ltr'>uictose</span> <span class='ocrx_word' id='word_1_387' title='bbox 894 3605 936 3673; x_wconf 79' lang='grc' dir='ltr'>ΡΙΙ</span> <span class='ocrx_word' id='word_1_388' title='bbox 951 3607 982 3659; x_wconf 84' lang='grc'>19</span> <span class='ocrx_word' id='word_1_389' title='bbox 995 3611 1175 3673; x_wconf 71' lang='lat' dir='ltr'>exornaremg</span> 
     </span>
     <span class='ocr_line' id='line_1_42' title="bbox 102 3672 1173 3744; baseline -0.004 -14"><span class='ocrx_word' id='word_1_390' title='bbox 102 3685 217 3732; x_wconf 82' lang='lat' dir='ltr'>exortem</span> <span class='ocrx_word' id='word_1_391' title='bbox 237 3674 280 3744; x_wconf 86' lang='grc' dir='ltr'>ΡΙ</span> <span class='ocrx_word' id='word_1_392' title='bbox 292 3677 323 3728; x_wconf 85' lang='grc'>21</span> <span class='ocrx_word' id='word_1_393' title='bbox 343 3677 398 3726; x_wconf 89' lang='lat' dir='ltr'>scio</span> <span class='ocrx_word' id='word_1_394' title='bbox 419 3691 455 3726; x_wconf 72' lang='lat' dir='ltr'>es·</span> <span class='ocrx_word' id='word_1_395' title='bbox 477 3675 548 3727; x_wconf 87' lang='lat' dir='ltr'>socio</span> <span class='ocrx_word' id='word_1_396' title='bbox 566 3674 599 3725; x_wconf 78' lang='grc' dir='ltr'>Ρ·</span> <span class='ocrx_word' id='word_1_397' title='bbox 616 3675 673 3742; x_wconf 87' lang='grc'>122</span> <span class='ocrx_word' id='word_1_398' title='bbox 692 3689 772 3727; x_wconf 89' lang='lat' dir='ltr'>necne</span> <span class='ocrx_word' id='word_1_399' title='bbox 790 3679 809 3738; x_wconf 86' lang='grc' dir='ltr'><strong><em>ς</em></strong></span> <span class='ocrx_word' id='word_1_400' title='bbox 829 3687 861 3725; x_wconf 90' lang='lat' dir='ltr'>ne</span> <span class='ocrx_word' id='word_1_401' title='bbox 879 3674 922 3740; x_wconf 85' lang='grc' dir='ltr'>ΡΙ</span> <span class='ocrx_word' id='word_1_402' title='bbox 934 3675 966 3726; x_wconf 79' lang='lat' dir='ltr'>tt</span> <span class='ocrx_word' id='word_1_403' title='bbox 984 3672 1083 3725; x_wconf 88' lang='lat' dir='ltr'>dimissi</span> <span class='ocrx_word' id='word_1_404' title='bbox 1100 3673 1173 3727; x_wconf 85' lang='lat' dir='ltr'>siculi</span> 
     </span>
     <span class='ocr_line' id='line_1_43' title="bbox 101 3740 1175 3822; baseline -0.003 -24"><span class='ocrx_word' id='word_1_405' title='bbox 101 3743 257 3808; x_wconf 74' lang='lat' dir='ltr'>Alschefski</span> <span class='ocrx_word' id='word_1_406' title='bbox 281 3742 395 3796; x_wconf 84' lang='lat' dir='ltr'>dimissis</span> <span class='ocrx_word' id='word_1_407' title='bbox 418 3742 492 3794; x_wconf 90' lang='lat' dir='ltr'>siculi</span> <span class='ocrx_word' id='word_1_408' title='bbox 510 3746 533 3795; x_wconf 82' lang='grc' dir='ltr'><em>Ρ</em></span> <span class='ocrx_word' id='word_1_409' title='bbox 551 3742 663 3795; x_wconf 88' lang='lat' dir='ltr'>dimissis</span> <span class='ocrx_word' id='word_1_410' title='bbox 680 3743 769 3796; x_wconf 86' lang='lat' dir='ltr'>siculis</span> <span class='ocrx_word' id='word_1_411' title='bbox 786 3741 827 3822; x_wconf 69' lang='lat' dir='ltr'>§fl</span> <span class='ocrx_word' id='word_1_412' title='bbox 841 3743 873 3794; x_wconf 82' lang='lat'>30</span> <span class='ocrx_word' id='word_1_413' title='bbox 891 3741 1025 3794; x_wconf 88' lang='lat' dir='ltr'>sententiis</span> <span class='ocrx_word' id='word_1_414' title='bbox 1044 3740 1124 3794; x_wconf 78' lang='lat' dir='ltr'>Grec.</span> <span class='ocrx_word' id='word_1_415' title='bbox 1143 3742 1175 3795; x_wconf 92' lang='lat' dir='ltr'>de</span> 
     </span>
     <span class='ocr_line' id='line_1_44' title="bbox 104 3809 1137 3879; baseline -0.005 -13"><span class='ocrx_word' id='word_1_416' title='bbox 104 3814 243 3868; x_wconf 82' lang='lat' dir='ltr'>sententiis</span> <span class='ocrx_word' id='word_1_417' title='bbox 260 3813 284 3864; x_wconf 86' lang='lat' dir='ltr'><em>P</em></span> <span class='ocrx_word' id='word_1_418' title='bbox 298 3809 407 3864; x_wconf 88' lang='lat' dir='ltr'>diuersis</span> <span class='ocrx_word' id='word_1_419' title='bbox 425 3811 560 3863; x_wconf 89' lang='lat' dir='ltr'>sententiis</span> <span class='ocrx_word' id='word_1_420' title='bbox 578 3809 650 3862; x_wconf 79' lang='lat' dir='ltr'>Koch</span> <span class='ocrx_word' id='word_1_421' title='bbox 661 3809 672 3879; x_wconf 78' lang='lat' dir='ltr'>l</span> <span class='ocrx_word' id='word_1_422' title='bbox 685 3811 718 3864; x_wconf 81' lang='lat' dir='ltr'>et</span> <span class='ocrx_word' id='word_1_423' title='bbox 736 3811 851 3863; x_wconf 82' lang='lat' dir='ltr'>stabilire</span> <span class='ocrx_word' id='word_1_424' title='bbox 868 3809 910 3876; x_wconf 79' lang='grc' dir='ltr'>ΡΙΙ</span> <span class='ocrx_word' id='word_1_425' title='bbox 922 3811 955 3862; x_wconf 74' lang='grc'>35</span> <span class='ocrx_word' id='word_1_426' title='bbox 974 3809 1095 3862; x_wconf 78' lang='lat' dir='ltr'>certamii</span> <span class='ocrx_word' id='word_1_427' title='bbox 1112 3810 1137 3861; x_wconf 86' lang='lat' dir='ltr'><em>P</em></span> 
     </span>
    </p>
   </div>
   <div class='ocr_carea' id='block_1_4' title="bbox 0 0 1387 4250">
    <p class='ocr_par' dir='ltr' id='par_1_4' title="bbox 0 0 1387 4250">
     <span class='ocr_line' id='line_1_45' title="bbox 0 0 1387 4250; baseline 0 0"><span class='ocrx_word' id='word_1_428' title='bbox 0 0 1387 4250; x_wconf 95' lang='lat' dir='ltr'> </span> 
     </span>
    </p>
   </div>
  </div>
 </body>
</html>
