<?xml version="1.0" encoding="UTF-8"?>
<!DOCTYPE html PUBLIC "-//W3C//DTD XHTML 1.0 Transitional//EN"
    "http://www.w3.org/TR/xhtml1/DTD/xhtml1-transitional.dtd">
<html xmlns="http://www.w3.org/1999/xhtml" xml:lang="en" lang="en">
 <head>
  <title>
</title>
<meta http-equiv="Content-Type" content="text/html;charset=utf-8" />
  <meta name='ocr-system' content='tesseract 3.04.00' />
  <meta name='ocr-capabilities' content='ocr_page ocr_carea ocr_par ocr_line ocrx_word'/>
</head>
<body>
  <div class='ocr_page' id='page_1' title='image "./aburbeconditali00paasgoog_0248.png"; bbox 0 0 2734 4250; ppageno 0'>
   <div class='ocr_carea' id='block_1_1' title="bbox 202 114 1275 182">
    <p class='ocr_par' dir='ltr' id='par_1_1' title="bbox 202 114 1275 182">
     <span class='ocr_line' id='line_1_1' title="bbox 202 114 1275 182; baseline -0.002 -8"><span class='ocrx_word' id='word_1_1' title='bbox 202 117 264 176; x_wconf 80' lang='lat'>236</span> <span class='ocrx_word' id='word_1_2' title='bbox 614 114 709 167; x_wconf 81' lang='lat' dir='ltr'>LIBER</span> <span class='ocrx_word' id='word_1_3' title='bbox 725 115 821 182; x_wconf 78' lang='grc' dir='ltr'><strong>ΧΧΙΙΙΙ,</strong></span> <span class='ocrx_word' id='word_1_4' title='bbox 837 120 869 170; x_wconf 81' lang='lat' dir='ltr'>ll</span> <span class='ocrx_word' id='word_1_5' title='bbox 1148 143 1168 174; x_wconf 90' lang='lat' dir='ltr'>a.</span> <span class='ocrx_word' id='word_1_6' title='bbox 1177 142 1199 173; x_wconf 89' lang='lat' dir='ltr'>u.</span> <span class='ocrx_word' id='word_1_7' title='bbox 1208 142 1230 174; x_wconf 87' lang='grc'>1.</span> <span class='ocrx_word' id='word_1_8' title='bbox 1238 130 1275 172; x_wconf 75' lang='lat' dir='ltr'>alt</span> 
     </span>
    </p>
   </div>
   <div class='ocr_carea' id='block_1_2' title="bbox 112 286 1359 3088">
    <p class='ocr_par' dir='ltr' id='par_1_2' title="bbox 172 286 1277 368">
     <span class='ocr_line' id='line_1_2' title="bbox 172 286 1277 368; baseline -0.006 -13"><span class='ocrx_word' id='word_1_9' title='bbox 172 353 174 355; x_wconf 82' lang='grc'><strong>,</strong></span> <span class='ocrx_word' id='word_1_10' title='bbox 204 291 321 354; x_wconf 82' lang='lat' dir='ltr'>excitati</span> <span class='ocrx_word' id='word_1_11' title='bbox 342 298 414 352; x_wconf 90' lang='lat' dir='ltr'>sunt</span> <span class='ocrx_word' id='word_1_12' title='bbox 435 290 492 350; x_wconf 91' lang='lat' dir='ltr'>iam</span> <span class='ocrx_word' id='word_1_13' title='bbox 524 297 553 349; x_wconf 88' lang='lat' dir='ltr'>et</span> <span class='ocrx_word' id='word_1_14' title='bbox 574 287 669 350; x_wconf 91' lang='lat' dir='ltr'>imbre</span> <span class='ocrx_word' id='word_1_15' title='bbox 698 288 929 368; x_wconf 75' lang='lat' dir='ltr'>conquiescente</span> <span class='ocrx_word' id='word_1_16' title='bbox 960 297 990 349; x_wconf 89' lang='lat' dir='ltr'>et</span> <span class='ocrx_word' id='word_1_17' title='bbox 1010 287 1181 368; x_wconf 92' lang='lat' dir='ltr'>propinqua</span> <span class='ocrx_word' id='word_1_18' title='bbox 1203 286 1277 348; x_wconf 91' lang='lat' dir='ltr'>luce.</span> 
     </span>
    </p>

    <p class='ocr_par' dir='ltr' id='par_1_3' title="bbox 112 371 1279 540">
     <span class='ocr_line' id='line_1_3' title="bbox 112 371 1277 456; baseline -0.005 -18"><span class='ocrx_word' id='word_1_19' title='bbox 112 373 113 377; x_wconf 67' lang='grc'>’</span> <span class='ocrx_word' id='word_1_20' title='bbox 166 387 180 438; x_wconf 83' lang='grc'>1</span> <span class='ocrx_word' id='word_1_21' title='bbox 201 375 382 456; x_wconf 85' lang='lat' dir='ltr'>praesidium</span> <span class='ocrx_word' id='word_1_22' title='bbox 397 376 427 437; x_wconf 94' lang='lat' dir='ltr'>in</span> <span class='ocrx_word' id='word_1_23' title='bbox 443 373 517 436; x_wconf 91' lang='lat' dir='ltr'>urbe</span> <span class='ocrx_word' id='word_1_24' title='bbox 536 383 599 434; x_wconf 86' lang='lat' dir='ltr'>erat</span> <span class='ocrx_word' id='word_1_25' title='bbox 615 371 797 447; x_wconf 82' lang='lat' dir='ltr'>Hannibalis,</span> <span class='ocrx_word' id='word_1_26' title='bbox 821 374 954 453; x_wconf 89' lang='lat' dir='ltr'>quinque</span> <span class='ocrx_word' id='word_1_27' title='bbox 974 372 1055 433; x_wconf 86' lang='lat' dir='ltr'>milia</span> <span class='ocrx_word' id='word_1_28' title='bbox 1077 374 1170 434; x_wconf 88' lang='lat' dir='ltr'>lerme</span> <span class='ocrx_word' id='word_1_29' title='bbox 1184 390 1277 433; x_wconf 85' lang='lat' dir='ltr'>arma·</span> 
     </span>
     <span class='ocr_line' id='line_1_4' title="bbox 203 457 1279 540; baseline -0.005 -17"><span class='ocrx_word' id='word_1_30' title='bbox 203 470 312 537; x_wconf 91' lang='lat' dir='ltr'>torum,</span> <span class='ocrx_word' id='word_1_31' title='bbox 335 471 365 522; x_wconf 90' lang='lat' dir='ltr'>et</span> <span class='ocrx_word' id='word_1_32' title='bbox 380 460 435 540; x_wconf 91' lang='lat' dir='ltr'>ipsi</span> <span class='ocrx_word' id='word_1_33' title='bbox 450 457 555 538; x_wconf 77' lang='lat' dir='ltr'>Arpini</span> <span class='ocrx_word' id='word_1_34' title='bbox 570 458 625 519; x_wconf 89' lang='lat' dir='ltr'>tria</span> <span class='ocrx_word' id='word_1_35' title='bbox 640 457 719 519; x_wconf 92' lang='lat' dir='ltr'>milia</span> <span class='ocrx_word' id='word_1_36' title='bbox 735 458 892 522; x_wconf 89' lang='lat' dir='ltr'>hominum</span> <span class='ocrx_word' id='word_1_37' title='bbox 907 468 1065 520; x_wconf 74' lang='lat' dir='ltr'>armarant.</span> <span class='ocrx_word' id='word_1_38' title='bbox 1101 476 1154 519; x_wconf 91' lang='lat' dir='ltr'>eos</span> <span class='ocrx_word' id='word_1_39' title='bbox 1167 457 1279 537; x_wconf 91' lang='lat' dir='ltr'>primos</span> 
     </span>
    </p>

    <p class='ocr_par' dir='ltr' id='par_1_4' title="bbox 165 543 1313 792">
     <span class='ocr_line' id='line_1_5' title="bbox 165 543 1279 624; baseline -0.002 -19"><span class='ocrx_word' id='word_1_40' title='bbox 165 556 180 605; x_wconf 84' lang='lat' dir='ltr'>a</span> <span class='ocrx_word' id='word_1_41' title='bbox 202 545 305 619; x_wconf 86' lang='lat' dir='ltr'>Poeni,</span> <span class='ocrx_word' id='word_1_42' title='bbox 328 545 452 624; x_wconf 91' lang='lat' dir='ltr'>nequid</span> <span class='ocrx_word' id='word_1_43' title='bbox 468 543 505 604; x_wconf 92' lang='lat' dir='ltr'>ab</span> <span class='ocrx_word' id='word_1_44' title='bbox 523 551 608 623; x_wconf 87' lang='lat' dir='ltr'>tergo</span> <span class='ocrx_word' id='word_1_45' title='bbox 631 543 742 605; x_wconf 82' lang='lat' dir='ltr'>fraudis</span> <span class='ocrx_word' id='word_1_46' title='bbox 764 552 850 618; x_wconf 89' lang='lat' dir='ltr'>esset,</span> <span class='ocrx_word' id='word_1_47' title='bbox 871 543 950 604; x_wconf 89' lang='lat' dir='ltr'>hosti</span> <span class='ocrx_word' id='word_1_48' title='bbox 972 551 1187 623; x_wconf 86' lang='lat' dir='ltr'>opposuerunt</span> <span class='ocrx_word' id='word_1_49' title='bbox 1222 560 1279 622; x_wconf 94' lang='lat' dir='ltr'>pu·</span> 
     </span>
     <span class='ocr_line' id='line_1_6' title="bbox 203 626 1313 712; baseline -0.009 -19"><span class='ocrx_word' id='word_1_50' title='bbox 203 639 325 712; x_wconf 88' lang='lat' dir='ltr'>gnatum</span> <span class='ocrx_word' id='word_1_51' title='bbox 347 630 445 710; x_wconf 90' lang='lat' dir='ltr'>primo</span> <span class='ocrx_word' id='word_1_52' title='bbox 467 629 497 690; x_wconf 93' lang='lat' dir='ltr'>in</span> <span class='ocrx_word' id='word_1_53' title='bbox 520 627 653 690; x_wconf 87' lang='lat' dir='ltr'>tenebris</span> <span class='ocrx_word' id='word_1_54' title='bbox 675 629 867 708; x_wconf 89' lang='lat' dir='ltr'>angustisque</span> <span class='ocrx_word' id='word_1_55' title='bbox 890 628 947 690; x_wconf 88' lang='lat' dir='ltr'>uiis</span> <span class='ocrx_word' id='word_1_56' title='bbox 967 637 1023 690; x_wconf 89' lang='lat' dir='ltr'>est.</span> <span class='ocrx_word' id='word_1_57' title='bbox 1064 645 1134 688; x_wconf 86' lang='lat' dir='ltr'>oum</span> <span class='ocrx_word' id='word_1_58' title='bbox 1155 626 1281 688; x_wconf 84' lang='lat' dir='ltr'>Romani</span> <span class='ocrx_word' id='word_1_59' title='bbox 1300 635 1313 683; x_wconf 82' lang='grc'>1</span> 
     </span>
     <span class='ocr_line' id='line_1_7' title="bbox 205 713 1281 792; baseline -0.004 -16"><span class='ocrx_word' id='word_1_60' title='bbox 205 735 266 776; x_wconf 94' lang='lat' dir='ltr'>non</span> <span class='ocrx_word' id='word_1_61' title='bbox 288 717 352 778; x_wconf 93' lang='lat' dir='ltr'>uias</span> <span class='ocrx_word' id='word_1_62' title='bbox 373 724 488 776; x_wconf 86' lang='lat' dir='ltr'>tantum</span> <span class='ocrx_word' id='word_1_63' title='bbox 511 722 556 775; x_wconf 92' lang='lat' dir='ltr'>set</span> <span class='ocrx_word' id='word_1_64' title='bbox 576 722 652 775; x_wconf 87' lang='lat' dir='ltr'>tecta</span> <span class='ocrx_word' id='word_1_65' title='bbox 679 715 766 775; x_wconf 92' lang='lat' dir='ltr'>etiam</span> <span class='ocrx_word' id='word_1_66' title='bbox 789 713 922 792; x_wconf 82' lang='lat' dir='ltr'>proxima</span> <span class='ocrx_word' id='word_1_67' title='bbox 951 721 1056 792; x_wconf 91' lang='lat' dir='ltr'>portae</span> <span class='ocrx_word' id='word_1_68' title='bbox 1078 721 1281 791; x_wconf 74' lang='lat' dir='ltr'>occupassent,</span> 
     </span>
    </p>

    <p class='ocr_par' dir='ltr' id='par_1_5' title="bbox 166 797 1282 965">
     <span class='ocr_line' id='line_1_8' title="bbox 166 797 1281 880; baseline -0.004 -18"><span class='ocrx_word' id='word_1_69' title='bbox 166 811 181 862; x_wconf 91' lang='grc'>1</span> <span class='ocrx_word' id='word_1_70' title='bbox 203 819 242 862; x_wconf 91' lang='lat' dir='ltr'>ne</span> <span class='ocrx_word' id='word_1_71' title='bbox 265 800 325 880; x_wconf 89' lang='lat' dir='ltr'>peti</span> <span class='ocrx_word' id='word_1_72' title='bbox 347 817 478 880; x_wconf 85' lang='lat' dir='ltr'>superne</span> <span class='ocrx_word' id='word_1_73' title='bbox 500 816 535 859; x_wconf 94' lang='lat' dir='ltr'>ac</span> <span class='ocrx_word' id='word_1_74' title='bbox 549 798 701 860; x_wconf 87' lang='lat' dir='ltr'>uolnerari</span> <span class='ocrx_word' id='word_1_75' title='bbox 720 806 851 878; x_wconf 75' lang='lat' dir='ltr'>possent,</span> <span class='ocrx_word' id='word_1_76' title='bbox 874 798 986 877; x_wconf 78' lang='lat' dir='ltr'>cogniti</span> <span class='ocrx_word' id='word_1_77' title='bbox 1008 797 1087 859; x_wconf 90' lang='lat' dir='ltr'>inter</span> <span class='ocrx_word' id='word_1_78' title='bbox 1108 813 1140 859; x_wconf 88' lang='lat' dir='ltr'>se</span> <span class='ocrx_word' id='word_1_79' title='bbox 1162 797 1281 876; x_wconf 86' lang='lat' dir='ltr'>quidam</span> 
     </span>
     <span class='ocr_line' id='line_1_9' title="bbox 204 882 1282 965; baseline -0.004 -19"><span class='ocrx_word' id='word_1_80' title='bbox 204 885 369 965; x_wconf 82' lang='lat' dir='ltr'>Arpinique</span> <span class='ocrx_word' id='word_1_81' title='bbox 392 893 422 945; x_wconf 93' lang='lat' dir='ltr'>et</span> <span class='ocrx_word' id='word_1_82' title='bbox 444 884 579 956; x_wconf 80' lang='lat' dir='ltr'>Romani,</span> <span class='ocrx_word' id='word_1_83' title='bbox 607 893 696 963; x_wconf 88' lang='lat' dir='ltr'>atque</span> <span class='ocrx_word' id='word_1_84' title='bbox 717 884 787 945; x_wconf 92' lang='lat' dir='ltr'>inde</span> <span class='ocrx_word' id='word_1_85' title='bbox 810 882 968 962; x_wconf 89' lang='lat' dir='ltr'>conloquia</span> <span class='ocrx_word' id='word_1_86' title='bbox 989 891 1094 962; x_wconf 89' lang='lat' dir='ltr'>coepta</span> <span class='ocrx_word' id='word_1_87' title='bbox 1116 883 1191 955; x_wconf 86' lang='lat' dir='ltr'>fieri,</span> <span class='ocrx_word' id='word_1_88' title='bbox 1215 900 1282 962; x_wconf 90' lang='lat' dir='ltr'>per·</span> 
     </span>
    </p>

    <p class='ocr_par' dir='ltr' id='par_1_6' title="bbox 166 967 1327 1217">
     <span class='ocr_line' id='line_1_10' title="bbox 166 967 1281 1048; baseline -0.003 -18"><span class='ocrx_word' id='word_1_89' title='bbox 166 981 181 1030; x_wconf 84' lang='grc'>1</span> <span class='ocrx_word' id='word_1_90' title='bbox 202 969 413 1032; x_wconf 76' lang='lat' dir='ltr'>cunctantibus</span> <span class='ocrx_word' id='word_1_91' title='bbox 427 968 578 1042; x_wconf 87' lang='lat' dir='ltr'>Romanis,</span> <span class='ocrx_word' id='word_1_92' title='bbox 594 969 664 1048; x_wconf 93' lang='lat' dir='ltr'>quid</span> <span class='ocrx_word' id='word_1_93' title='bbox 679 967 736 1030; x_wconf 87' lang='lat' dir='ltr'>sibi</span> <span class='ocrx_word' id='word_1_94' title='bbox 750 967 864 1029; x_wconf 91' lang='lat' dir='ltr'>uellent</span> <span class='ocrx_word' id='word_1_95' title='bbox 877 967 992 1048; x_wconf 69' lang='lat' dir='ltr'>Arpini,</span> <span class='ocrx_word' id='word_1_96' title='bbox 1015 985 1103 1046; x_wconf 91' lang='lat' dir='ltr'>quam</span> <span class='ocrx_word' id='word_1_97' title='bbox 1119 967 1158 1028; x_wconf 93' lang='lat' dir='ltr'>ob</span> <span class='ocrx_word' id='word_1_98' title='bbox 1174 984 1281 1028; x_wconf 84' lang='lat' dir='ltr'>noxam</span> 
     </span>
     <span class='ocr_line' id='line_1_11' title="bbox 204 1052 1327 1133; baseline -0.006 -16"><span class='ocrx_word' id='word_1_99' title='bbox 204 1055 407 1117; x_wconf 87' lang='lat' dir='ltr'>Romanorum</span> <span class='ocrx_word' id='word_1_100' title='bbox 435 1061 487 1115; x_wconf 92' lang='lat' dir='ltr'>aut</span> <span class='ocrx_word' id='word_1_101' title='bbox 514 1053 593 1132; x_wconf 90' lang='lat' dir='ltr'>quod</span> <span class='ocrx_word' id='word_1_102' title='bbox 620 1055 758 1115; x_wconf 91' lang='lat' dir='ltr'>meritum</span> <span class='ocrx_word' id='word_1_103' title='bbox 781 1052 951 1115; x_wconf 89' lang='lat' dir='ltr'>Poenorum</span> <span class='ocrx_word' id='word_1_104' title='bbox 978 1071 1034 1133; x_wconf 94' lang='lat' dir='ltr'>pro</span> <span class='ocrx_word' id='word_1_105' title='bbox 1055 1052 1230 1131; x_wconf 78' lang='lat' dir='ltr'>alienigenis</span> <span class='ocrx_word' id='word_1_106' title='bbox 1251 1069 1283 1112; x_wconf 90' lang='lat' dir='ltr'>ac</span> <span class='ocrx_word' id='word_1_107' title='bbox 1303 1060 1327 1111; x_wconf 88' lang='grc'>11</span> 
     </span>
     <span class='ocr_line' id='line_1_12' title="bbox 204 1137 1285 1217; baseline -0.002 -17"><span class='ocrx_word' id='word_1_108' title='bbox 204 1139 338 1202; x_wconf 92' lang='lat' dir='ltr'>barbaris</span> <span class='ocrx_word' id='word_1_109' title='bbox 353 1138 443 1200; x_wconf 84' lang='lat' dir='ltr'>Italici</span> <span class='ocrx_word' id='word_1_110' title='bbox 458 1138 601 1201; x_wconf 88' lang='lat' dir='ltr'>aduersus</span> <span class='ocrx_word' id='word_1_111' title='bbox 615 1145 733 1201; x_wconf 89' lang='lat' dir='ltr'>ueteres</span> <span class='ocrx_word' id='word_1_112' title='bbox 746 1138 845 1199; x_wconf 88' lang='lat' dir='ltr'>socios</span> <span class='ocrx_word' id='word_1_113' title='bbox 854 1139 1007 1200; x_wconf 83' lang='lat' dir='ltr'>Romanos</span> <span class='ocrx_word' id='word_1_114' title='bbox 1020 1137 1130 1198; x_wconf 91' lang='lat' dir='ltr'>bellum</span> <span class='ocrx_word' id='word_1_115' title='bbox 1144 1145 1285 1217; x_wconf 88' lang='lat' dir='ltr'>gererent</span> 
     </span>
    </p>

    <p class='ocr_par' dir='ltr' id='par_1_7' title="bbox 166 1222 1359 1390">
     <span class='ocr_line' id='line_1_13' title="bbox 166 1222 1284 1305; baseline -0.004 -19"><span class='ocrx_word' id='word_1_116' title='bbox 166 1235 182 1286; x_wconf 81' lang='grc'><strong>6</strong></span> <span class='ocrx_word' id='word_1_117' title='bbox 204 1234 233 1287; x_wconf 89' lang='grc'>11</span> <span class='ocrx_word' id='word_1_118' title='bbox 247 1225 423 1305; x_wconf 88' lang='lat' dir='ltr'>uectigalem</span> <span class='ocrx_word' id='word_1_119' title='bbox 446 1242 480 1286; x_wconf 92' lang='lat' dir='ltr'>ac</span> <span class='ocrx_word' id='word_1_120' title='bbox 499 1223 720 1303; x_wconf 87' lang='lat' dir='ltr'>stipendiariam</span> <span class='ocrx_word' id='word_1_121' title='bbox 735 1222 849 1284; x_wconf 88' lang='lat' dir='ltr'>ltaliam</span> <span class='ocrx_word' id='word_1_122' title='bbox 864 1223 980 1284; x_wconf 76' lang='lat' dir='ltr'>Alricae</span> <span class='ocrx_word' id='word_1_123' title='bbox 1001 1222 1141 1295; x_wconf 77' lang='lat' dir='ltr'>lacerent,</span> <span class='ocrx_word' id='word_1_124' title='bbox 1163 1222 1284 1301; x_wconf 80' lang='lat' dir='ltr'>Arpinis</span> 
     </span>
     <span class='ocr_line' id='line_1_14' title="bbox 204 1306 1284 1390; baseline -0.002 -20"><span class='ocrx_word' id='word_1_125' title='bbox 204 1310 401 1390; x_wconf 81' lang='lat' dir='ltr'>purgantibus</span> <span class='ocrx_word' id='word_1_126' title='bbox 429 1309 549 1388; x_wconf 90' lang='lat' dir='ltr'>ignaros</span> <span class='ocrx_word' id='word_1_127' title='bbox 577 1309 710 1371; x_wconf 89' lang='lat' dir='ltr'>omnium</span> <span class='ocrx_word' id='word_1_128' title='bbox 738 1327 771 1370; x_wconf 90' lang='lat' dir='ltr'>se</span> <span class='ocrx_word' id='word_1_129' title='bbox 798 1327 911 1370; x_wconf 87' lang='lat' dir='ltr'>uenum</span> <span class='ocrx_word' id='word_1_130' title='bbox 939 1327 956 1368; x_wconf 94' lang='lat' dir='ltr'>a</span> <span class='ocrx_word' id='word_1_131' title='bbox 984 1306 1171 1388; x_wconf 92' lang='lat' dir='ltr'>principibus</span> <span class='ocrx_word' id='word_1_132' title='bbox 1198 1307 1284 1368; x_wconf 89' lang='lat' dir='ltr'>datos</span> 
     </span>
    </p>

    <p class='ocr_par' dir='ltr' id='par_1_8' title="bbox 167 1391 1359 1730">
     <span class='ocr_line' id='line_1_15' title="bbox 167 1391 1359 1475; baseline -0.003 -20"><span class='ocrx_word' id='word_1_133' title='bbox 167 1407 181 1455; x_wconf 82' lang='grc'>1</span> <span class='ocrx_word' id='word_1_134' title='bbox 203 1396 315 1470; x_wconf 85' lang='grc' dir='ltr'><strong>Ρ1111,</strong></span> <span class='ocrx_word' id='word_1_135' title='bbox 337 1402 439 1475; x_wconf 89' lang='lat' dir='ltr'>captos</span> <span class='ocrx_word' id='word_1_136' title='bbox 461 1411 681 1474; x_wconf 90' lang='lat' dir='ltr'>oppressosque</span> <span class='ocrx_word' id='word_1_137' title='bbox 704 1412 721 1454; x_wconf 92' lang='lat' dir='ltr'>a</span> <span class='ocrx_word' id='word_1_138' title='bbox 743 1393 846 1473; x_wconf 89' lang='lat' dir='ltr'>paucis</span> <span class='ocrx_word' id='word_1_139' title='bbox 867 1411 942 1455; x_wconf 88' lang='lat' dir='ltr'>esse.</span> <span class='ocrx_word' id='word_1_140' title='bbox 987 1392 1070 1453; x_wconf 90' lang='lat' dir='ltr'>initio</span> <span class='ocrx_word' id='word_1_141' title='bbox 1094 1400 1159 1453; x_wconf 90' lang='lat' dir='ltr'>orto</span> <span class='ocrx_word' id='word_1_142' title='bbox 1181 1391 1284 1471; x_wconf 82' lang='lat' dir='ltr'>plnres</span> <span class='ocrx_word' id='word_1_143' title='bbox 1358 1406 1359 1409; x_wconf 72' lang='grc'>’</span> 
     </span>
     <span class='ocr_line' id='line_1_16' title="bbox 204 1475 1331 1561; baseline -0.006 -19"><span class='ocrx_word' id='word_1_144' title='bbox 204 1499 273 1542; x_wconf 90' lang='lat' dir='ltr'>cum</span> <span class='ocrx_word' id='word_1_145' title='bbox 295 1479 431 1561; x_wconf 92' lang='lat' dir='ltr'>pluribus</span> <span class='ocrx_word' id='word_1_146' title='bbox 454 1478 610 1557; x_wconf 87' lang='lat' dir='ltr'>conloqui;</span> <span class='ocrx_word' id='word_1_147' title='bbox 638 1487 790 1558; x_wconf 90' lang='lat' dir='ltr'>postremo</span> <span class='ocrx_word' id='word_1_148' title='bbox 812 1487 933 1558; x_wconf 88' lang='lat' dir='ltr'>praetor</span> <span class='ocrx_word' id='word_1_149' title='bbox 955 1477 1085 1557; x_wconf 76' lang='lat' dir='ltr'>Arpinus</span> <span class='ocrx_word' id='word_1_150' title='bbox 1105 1475 1143 1538; x_wconf 95' lang='lat' dir='ltr'>ab</span> <span class='ocrx_word' id='word_1_151' title='bbox 1164 1476 1229 1538; x_wconf 88' lang='lat' dir='ltr'>suis</span> <span class='ocrx_word' id='word_1_152' title='bbox 1249 1476 1284 1537; x_wconf 92' lang='lat' dir='ltr'>ad</span> <span class='ocrx_word' id='word_1_153' title='bbox 1306 1485 1331 1534; x_wconf 84' lang='grc'>11</span> 
     </span>
     <span class='ocr_line' id='line_1_17' title="bbox 205 1562 1284 1643; baseline -0.004 -17"><span class='ocrx_word' id='word_1_154' title='bbox 205 1566 358 1628; x_wconf 90' lang='lat' dir='ltr'>consulem</span> <span class='ocrx_word' id='word_1_155' title='bbox 381 1564 541 1635; x_wconf 86' lang='lat' dir='ltr'>deductus,</span> <span class='ocrx_word' id='word_1_156' title='bbox 569 1564 688 1643; x_wconf 86' lang='lat' dir='ltr'>fideque</span> <span class='ocrx_word' id='word_1_157' title='bbox 717 1563 785 1625; x_wconf 89' lang='lat' dir='ltr'>data</span> <span class='ocrx_word' id='word_1_158' title='bbox 812 1563 997 1640; x_wconf 83' lang='lat' dir='ltr'>intersigna</span> <span class='ocrx_word' id='word_1_159' title='bbox 1019 1563 1156 1641; x_wconf 84' lang='lat' dir='ltr'>aciesque</span> <span class='ocrx_word' id='word_1_160' title='bbox 1178 1562 1284 1642; x_wconf 75' lang='lat' dir='ltr'>Arpini</span> 
     </span>
     <span class='ocr_line' id='line_1_18' title="bbox 205 1647 1284 1730; baseline -0.003 -20"><span class='ocrx_word' id='word_1_161' title='bbox 205 1661 329 1730; x_wconf 88' lang='lat' dir='ltr'>repente</span> <span class='ocrx_word' id='word_1_162' title='bbox 343 1666 399 1729; x_wconf 96' lang='lat' dir='ltr'>pro</span> <span class='ocrx_word' id='word_1_163' title='bbox 414 1647 555 1710; x_wconf 88' lang='lat' dir='ltr'>Romanis</span> <span class='ocrx_word' id='word_1_164' title='bbox 571 1648 714 1710; x_wconf 89' lang='lat' dir='ltr'>aduersus</span> <span class='ocrx_word' id='word_1_165' title='bbox 729 1647 1002 1727; x_wconf 84' lang='lat' dir='ltr'>Carthaginiensem</span> <span class='ocrx_word' id='word_1_166' title='bbox 1020 1665 1102 1708; x_wconf 89' lang='lat' dir='ltr'>arma</span> <span class='ocrx_word' id='word_1_167' title='bbox 1116 1655 1284 1709; x_wconf 83' lang='lat' dir='ltr'>uerterunt.</span> 
     </span>
    </p>

    <p class='ocr_par' dir='ltr' id='par_1_9' title="bbox 167 1731 1286 1897">
     <span class='ocr_line' id='line_1_19' title="bbox 167 1731 1283 1814; baseline -0.003 -18"><span class='ocrx_word' id='word_1_168' title='bbox 167 1744 182 1795; x_wconf 84' lang='lat'><strong>8</strong></span> <span class='ocrx_word' id='word_1_169' title='bbox 203 1734 328 1814; x_wconf 89' lang='lat' dir='ltr'>Hispani</span> <span class='ocrx_word' id='word_1_170' title='bbox 351 1749 484 1812; x_wconf 88' lang='lat' dir='ltr'>quoque,</span> <span class='ocrx_word' id='word_1_171' title='bbox 514 1734 601 1812; x_wconf 94' lang='lat' dir='ltr'>paulo</span> <span class='ocrx_word' id='word_1_172' title='bbox 625 1733 725 1795; x_wconf 87' lang='lat' dir='ltr'>minus</span> <span class='ocrx_word' id='word_1_173' title='bbox 753 1733 833 1795; x_wconf 90' lang='lat' dir='ltr'>mille</span> <span class='ocrx_word' id='word_1_174' title='bbox 849 1732 1005 1808; x_wconf 74' lang='lat' dir='ltr'>homines,</span> <span class='ocrx_word' id='word_1_175' title='bbox 1037 1731 1108 1793; x_wconf 87' lang='lat' dir='ltr'>nibil</span> <span class='ocrx_word' id='word_1_176' title='bbox 1129 1740 1283 1811; x_wconf 89' lang='lat' dir='ltr'>praeterea</span> 
     </span>
     <span class='ocr_line' id='line_1_20' title="bbox 205 1816 1286 1897; baseline -0.002 -18"><span class='ocrx_word' id='word_1_177' title='bbox 205 1836 273 1879; x_wconf 91' lang='lat' dir='ltr'>cum</span> <span class='ocrx_word' id='word_1_178' title='bbox 296 1818 419 1879; x_wconf 89' lang='lat' dir='ltr'>consule</span> <span class='ocrx_word' id='word_1_179' title='bbox 440 1817 528 1897; x_wconf 90' lang='lat' dir='ltr'>pacti,</span> <span class='ocrx_word' id='word_1_180' title='bbox 551 1835 638 1897; x_wconf 88' lang='lat' dir='ltr'>quam</span> <span class='ocrx_word' id='word_1_181' title='bbox 661 1828 696 1879; x_wconf 88' lang='lat' dir='ltr'>ut</span> <span class='ocrx_word' id='word_1_182' title='bbox 716 1817 781 1880; x_wconf 88' lang='lat' dir='ltr'>sine</span> <span class='ocrx_word' id='word_1_183' title='bbox 806 1818 910 1879; x_wconf 79' lang='lat' dir='ltr'>frande</span> <span class='ocrx_word' id='word_1_184' title='bbox 931 1817 1077 1878; x_wconf 89' lang='lat' dir='ltr'>Punicum</span> <span class='ocrx_word' id='word_1_185' title='bbox 1100 1816 1286 1878; x_wconf 87' lang='lat' dir='ltr'>emitteretur</span> 
     </span>
    </p>

    <p class='ocr_par' dir='ltr' id='par_1_10' title="bbox 167 1901 1332 2068">
     <span class='ocr_line' id='line_1_21' title="bbox 167 1901 1332 1982; baseline -0.004 -17"><span class='ocrx_word' id='word_1_186' title='bbox 167 1914 182 1964; x_wconf 87' lang='lat'>9</span> <span class='ocrx_word' id='word_1_187' title='bbox 203 1902 392 1982; x_wconf 86' lang='lat' dir='ltr'>pmesidium‚</span> <span class='ocrx_word' id='word_1_188' title='bbox 408 1903 442 1964; x_wconf 92' lang='lat' dir='ltr'>ad</span> <span class='ocrx_word' id='word_1_189' title='bbox 459 1902 611 1964; x_wconf 90' lang='lat' dir='ltr'>consulem</span> <span class='ocrx_word' id='word_1_190' title='bbox 630 1902 847 1965; x_wconf 88' lang='lat' dir='ltr'>transtulerunt</span> <span class='ocrx_word' id='word_1_191' title='bbox 859 1903 954 1982; x_wconf 90' lang='lat' dir='ltr'>signa.</span> <span class='ocrx_word' id='word_1_192' title='bbox 991 1901 1286 1981; x_wconf 59' lang='lat' dir='ltr'>(Karthaginiensibus</span> <span class='ocrx_word' id='word_1_193' title='bbox 1306 1908 1332 1958; x_wconf 82' lang='lat' dir='ltr'>n</span> 
     </span>
     <span class='ocr_line' id='line_1_22' title="bbox 204 1984 1285 2068; baseline -0.002 -18"><span class='ocrx_word' id='word_1_194' title='bbox 204 1997 309 2068; x_wconf 91' lang='lat' dir='ltr'>portae</span> <span class='ocrx_word' id='word_1_195' title='bbox 330 1989 503 2068; x_wconf 77' lang='lat' dir='ltr'>patefactae,</span> <span class='ocrx_word' id='word_1_196' title='bbox 525 1988 683 2066; x_wconf 86' lang='lat' dir='ltr'>emissique</span> <span class='ocrx_word' id='word_1_197' title='bbox 699 2005 767 2049; x_wconf 89' lang='lat' dir='ltr'>cum</span> <span class='ocrx_word' id='word_1_198' title='bbox 782 1988 839 2049; x_wconf 89' lang='lat' dir='ltr'>lide</span> <span class='ocrx_word' id='word_1_199' title='bbox 856 1986 1021 2049; x_wconf 86' lang='lat' dir='ltr'>incolumes</span> <span class='ocrx_word' id='word_1_200' title='bbox 1035 1986 1072 2048; x_wconf 93' lang='lat' dir='ltr'>ad</span> <span class='ocrx_word' id='word_1_201' title='bbox 1085 1984 1285 2048; x_wconf 87' lang='lat' dir='ltr'>Hannibalem</span> 
     </span>
    </p>

    <p class='ocr_par' dir='ltr' id='par_1_11' title="bbox 154 2072 1286 2154">
     <span class='ocr_line' id='line_1_23' title="bbox 154 2072 1286 2154; baseline -0.001 -19"><span class='ocrx_word' id='word_1_202' title='bbox 154 2083 182 2135; x_wconf 85' lang='grc'>11</span> <span class='ocrx_word' id='word_1_203' title='bbox 204 2073 349 2154; x_wconf 90' lang='lat' dir='ltr'>Salapiam</span> <span class='ocrx_word' id='word_1_204' title='bbox 372 2081 530 2135; x_wconf 85' lang='lat' dir='ltr'>uenerunt</span> <span class='ocrx_word' id='word_1_205' title='bbox 568 2073 640 2153; x_wconf 81' lang='lat' dir='ltr'>Arpi</span> <span class='ocrx_word' id='word_1_206' title='bbox 661 2073 726 2135; x_wconf 91' lang='lat' dir='ltr'>siue</span> <span class='ocrx_word' id='word_1_207' title='bbox 748 2073 830 2135; x_wconf 92' lang='lat' dir='ltr'>clade</span> <span class='ocrx_word' id='word_1_208' title='bbox 853 2073 941 2135; x_wconf 89' lang='lat' dir='ltr'>ullius</span> <span class='ocrx_word' id='word_1_209' title='bbox 962 2080 1170 2151; x_wconf 87' lang='lat' dir='ltr'>praeterquam</span> <span class='ocrx_word' id='word_1_210' title='bbox 1192 2072 1286 2134; x_wconf 91' lang='lat' dir='ltr'>unius</span> 
     </span>
    </p>

    <p class='ocr_par' dir='ltr' id='par_1_12' title="bbox 154 2156 1359 2410">
     <span class='ocr_line' id='line_1_24' title="bbox 154 2156 1284 2239; baseline -0.002 -19"><span class='ocrx_word' id='word_1_211' title='bbox 154 2170 181 2221; x_wconf 89' lang='lat'>11</span> <span class='ocrx_word' id='word_1_212' title='bbox 204 2159 313 2221; x_wconf 89' lang='lat' dir='ltr'>ueteris</span> <span class='ocrx_word' id='word_1_213' title='bbox 335 2158 504 2239; x_wconf 89' lang='lat' dir='ltr'>proditoris,</span> <span class='ocrx_word' id='word_1_214' title='bbox 535 2158 607 2220; x_wconf 92' lang='lat' dir='ltr'>noui</span> <span class='ocrx_word' id='word_1_215' title='bbox 629 2159 781 2239; x_wconf 79' lang='lat' dir='ltr'>perfugae,</span> <span class='ocrx_word' id='word_1_216' title='bbox 810 2156 938 2221; x_wconf 89' lang='lat' dir='ltr'>restituti</span> <span class='ocrx_word' id='word_1_217' title='bbox 966 2158 1001 2218; x_wconf 89' lang='lat' dir='ltr'>ad</span> <span class='ocrx_word' id='word_1_218' title='bbox 1025 2158 1184 2219; x_wconf 85' lang='lat' dir='ltr'>Romanos.</span> <span class='ocrx_word' id='word_1_219' title='bbox 1231 2157 1284 2218; x_wconf 88' lang='lat' dir='ltr'>Hi·</span> 
     </span>
     <span class='ocr_line' id='line_1_25' title="bbox 205 2242 1285 2325; baseline -0.003 -18"><span class='ocrx_word' id='word_1_220' title='bbox 205 2244 305 2325; x_wconf 90' lang='lat' dir='ltr'>spanis</span> <span class='ocrx_word' id='word_1_221' title='bbox 319 2244 448 2323; x_wconf 91' lang='lat' dir='ltr'>duplicia</span> <span class='ocrx_word' id='word_1_222' title='bbox 462 2242 573 2305; x_wconf 94' lang='lat' dir='ltr'>cibaria</span> <span class='ocrx_word' id='word_1_223' title='bbox 589 2243 651 2304; x_wconf 93' lang='lat' dir='ltr'>dari</span> <span class='ocrx_word' id='word_1_224' title='bbox 667 2243 756 2317; x_wconf 90' lang='lat' dir='ltr'>iussa,</span> <span class='ocrx_word' id='word_1_225' title='bbox 778 2261 928 2324; x_wconf 89' lang='lat' dir='ltr'>operaque</span> <span class='ocrx_word' id='word_1_226' title='bbox 945 2260 1048 2305; x_wconf 89' lang='lat' dir='ltr'>eorum</span> <span class='ocrx_word' id='word_1_227' title='bbox 1064 2242 1133 2304; x_wconf 87' lang='lat' dir='ltr'>lorti</span> <span class='ocrx_word' id='word_1_228' title='bbox 1154 2260 1189 2304; x_wconf 91' lang='lat' dir='ltr'>ac</span> <span class='ocrx_word' id='word_1_229' title='bbox 1204 2242 1285 2304; x_wconf 86' lang='lat' dir='ltr'>fldeli</span> 
     </span>
     <span class='ocr_line' id='line_1_26' title="bbox 204 2328 1359 2410; baseline -0.005 -18"><span class='ocrx_word' id='word_1_230' title='bbox 204 2348 347 2410; x_wconf 90' lang='lat' dir='ltr'>persaepe</span> <span class='ocrx_word' id='word_1_231' title='bbox 371 2348 419 2391; x_wconf 88' lang='lat' dir='ltr'>res</span> <span class='ocrx_word' id='word_1_232' title='bbox 441 2328 561 2408; x_wconf 89' lang='lat' dir='ltr'>publica</span> <span class='ocrx_word' id='word_1_233' title='bbox 581 2347 633 2390; x_wconf 93' lang='lat' dir='ltr'>usa</span> <span class='ocrx_word' id='word_1_234' title='bbox 656 2336 711 2389; x_wconf 89' lang='lat' dir='ltr'>est.</span> <span class='ocrx_word' id='word_1_235' title='bbox 1305 2335 1330 2386; x_wconf 76' lang='grc'>11</span> <span class='ocrx_word' id='word_1_236' title='bbox 1358 2361 1359 2386; x_wconf 53' lang='lat' dir='ltr'>t</span> 
     </span>
    </p>

    <p class='ocr_par' dir='ltr' id='par_1_13' title="bbox 154 2393 1359 2772">
     <span class='ocr_line' id='line_1_27' title="bbox 154 2412 1286 2493; baseline 0.002 -20"><span class='ocrx_word' id='word_1_237' title='bbox 154 2422 181 2474; x_wconf 85' lang='grc'>11</span> <span class='ocrx_word' id='word_1_238' title='bbox 291 2415 364 2478; x_wconf 92' lang='lat' dir='ltr'>Cum</span> <span class='ocrx_word' id='word_1_239' title='bbox 380 2414 486 2475; x_wconf 91' lang='lat' dir='ltr'>consul</span> <span class='ocrx_word' id='word_1_240' title='bbox 500 2414 573 2475; x_wconf 89' lang='lat' dir='ltr'>alter</span> <span class='ocrx_word' id='word_1_241' title='bbox 588 2413 619 2474; x_wconf 94' lang='lat' dir='ltr'>in</span> <span class='ocrx_word' id='word_1_242' title='bbox 636 2413 751 2493; x_wconf 75' lang='lat' dir='ltr'>Apulia,</span> <span class='ocrx_word' id='word_1_243' title='bbox 773 2412 848 2474; x_wconf 89' lang='lat' dir='ltr'>alter</span> <span class='ocrx_word' id='word_1_244' title='bbox 862 2413 894 2475; x_wconf 95' lang='lat' dir='ltr'>in</span> <span class='ocrx_word' id='word_1_245' title='bbox 909 2412 1038 2475; x_wconf 90' lang='lat' dir='ltr'>Lucanis</span> <span class='ocrx_word' id='word_1_246' title='bbox 1058 2420 1145 2486; x_wconf 88' lang='lat' dir='ltr'>esset,</span> <span class='ocrx_word' id='word_1_247' title='bbox 1168 2414 1286 2492; x_wconf 89' lang='lat' dir='ltr'>equites</span> 
     </span>
     <span class='ocr_line' id='line_1_28' title="bbox 205 2497 1359 2578; baseline -0.006 -17"><span class='ocrx_word' id='word_1_248' title='bbox 205 2508 325 2561; x_wconf 92' lang='lat' dir='ltr'>centum</span> <span class='ocrx_word' id='word_1_249' title='bbox 349 2498 504 2560; x_wconf 86' lang='lat' dir='ltr'>duodecim</span> <span class='ocrx_word' id='word_1_250' title='bbox 530 2497 646 2561; x_wconf 90' lang='lat' dir='ltr'>nobiles</span> <span class='ocrx_word' id='word_1_251' title='bbox 670 2498 811 2578; x_wconf 87' lang='lat' dir='ltr'>Campani</span> <span class='ocrx_word' id='word_1_252' title='bbox 832 2515 888 2577; x_wconf 91' lang='lat' dir='ltr'>per</span> <span class='ocrx_word' id='word_1_253' title='bbox 909 2498 1037 2577; x_wconf 90' lang='lat' dir='ltr'>speciem</span> <span class='ocrx_word' id='word_1_254' title='bbox 1062 2498 1227 2577; x_wconf 91' lang='lat' dir='ltr'>praedandi</span> <span class='ocrx_word' id='word_1_255' title='bbox 1249 2516 1285 2559; x_wconf 84' lang='lat' dir='ltr'>er</span> <span class='ocrx_word' id='word_1_256' title='bbox 1358 2517 1359 2554; x_wconf 88' lang='lat' dir='ltr'>l</span> 
     </span>
     <span class='ocr_line' id='line_1_29' title="bbox 204 2582 1285 2663; baseline 0 -19"><span class='ocrx_word' id='word_1_257' title='bbox 204 2584 333 2646; x_wconf 88' lang='lat' dir='ltr'>hostium</span> <span class='ocrx_word' id='word_1_258' title='bbox 350 2601 421 2662; x_wconf 91' lang='lat' dir='ltr'>agro</span> <span class='ocrx_word' id='word_1_259' title='bbox 435 2584 582 2663; x_wconf 90' lang='lat' dir='ltr'>permissu</span> <span class='ocrx_word' id='word_1_260' title='bbox 598 2583 821 2662; x_wconf 87' lang='lat' dir='ltr'>magistratuum</span> <span class='ocrx_word' id='word_1_261' title='bbox 837 2582 874 2643; x_wconf 92' lang='lat' dir='ltr'>ab</span> <span class='ocrx_word' id='word_1_262' title='bbox 888 2582 986 2662; x_wconf 84' lang='lat' dir='ltr'>Capua</span> <span class='ocrx_word' id='word_1_263' title='bbox 1002 2582 1129 2662; x_wconf 82' lang='lat' dir='ltr'>proiecti</span> <span class='ocrx_word' id='word_1_264' title='bbox 1140 2584 1176 2644; x_wconf 86' lang='lat' dir='ltr'>ad</span> <span class='ocrx_word' id='word_1_265' title='bbox 1187 2592 1285 2645; x_wconf 90' lang='lat' dir='ltr'>castra</span> 
     </span>
     <span class='ocr_line' id='line_1_30' title="bbox 205 2666 1284 2747; baseline -0.001 -17"><span class='ocrx_word' id='word_1_266' title='bbox 205 2669 348 2741; x_wconf 87' lang='lat' dir='ltr'>Romana,</span> <span class='ocrx_word' id='word_1_267' title='bbox 371 2685 446 2745; x_wconf 88' lang='lat' dir='ltr'>quae</span> <span class='ocrx_word' id='word_1_268' title='bbox 468 2685 559 2747; x_wconf 88' lang='lat' dir='ltr'>super</span> <span class='ocrx_word' id='word_1_269' title='bbox 574 2668 741 2730; x_wconf 86' lang='lat' dir='ltr'>Suessulam</span> <span class='ocrx_word' id='word_1_270' title='bbox 757 2676 852 2739; x_wconf 85' lang='lat' dir='ltr'>erant,</span> <span class='ocrx_word' id='word_1_271' title='bbox 875 2676 1039 2744; x_wconf 88' lang='lat' dir='ltr'>uenerunt;</span> <span class='ocrx_word' id='word_1_272' title='bbox 1062 2666 1183 2729; x_wconf 87' lang='lat' dir='ltr'>stationi</span> <span class='ocrx_word' id='word_1_273' title='bbox 1206 2668 1284 2729; x_wconf 93' lang='lat' dir='ltr'>mili·</span> 
     </span>
    </p>

    <p class='ocr_par' dir='ltr' id='par_1_14' title="bbox 156 2752 1359 2917">
     <span class='ocr_line' id='line_1_31' title="bbox 205 2752 1359 2846; baseline -0.003 -33"><span class='ocrx_word' id='word_1_274' title='bbox 205 2762 278 2826; x_wconf 88' lang='lat' dir='ltr'>tum,</span> <span class='ocrx_word' id='word_1_275' title='bbox 301 2753 353 2832; x_wconf 92' lang='lat' dir='ltr'>qui</span> <span class='ocrx_word' id='word_1_276' title='bbox 376 2763 490 2827; x_wconf 88' lang='lat' dir='ltr'>essent,</span> <span class='ocrx_word' id='word_1_277' title='bbox 512 2752 666 2814; x_wconf 80' lang='lat' dir='ltr'>dixerunt:</span> <span class='ocrx_word' id='word_1_278' title='bbox 697 2752 839 2831; x_wconf 90' lang='lat' dir='ltr'>conloqui</span> <span class='ocrx_word' id='word_1_279' title='bbox 860 2770 926 2813; x_wconf 90' lang='lat' dir='ltr'>sese</span> <span class='ocrx_word' id='word_1_280' title='bbox 947 2770 1016 2814; x_wconf 93' lang='lat' dir='ltr'>cum</span> <span class='ocrx_word' id='word_1_281' title='bbox 1037 2761 1175 2831; x_wconf 91' lang='lat' dir='ltr'>praetore</span> <span class='ocrx_word' id='word_1_282' title='bbox 1196 2752 1284 2815; x_wconf 90' lang='lat' dir='ltr'>uelle.</span> <span class='ocrx_word' id='word_1_283' title='bbox 1304 2760 1330 2809; x_wconf 77' lang='lat' dir='ltr'>m</span> <span class='ocrx_word' id='word_1_284' title='bbox 1358 2799 1359 2846; x_wconf 42' lang='lat' dir='ltr'>q</span> 
     </span>
     <span class='ocr_line' id='line_1_32' title="bbox 156 2836 1285 2917; baseline 0.002 -22"><span class='ocrx_word' id='word_1_285' title='bbox 156 2846 183 2896; x_wconf 86' lang='grc'>11</span> <span class='ocrx_word' id='word_1_286' title='bbox 206 2838 259 2899; x_wconf 89' lang='lat' dir='ltr'>Cn.</span> <span class='ocrx_word' id='word_1_287' title='bbox 282 2836 405 2899; x_wconf 85' lang='lat' dir='ltr'>Fuluius</span> <span class='ocrx_word' id='word_1_288' title='bbox 435 2837 538 2900; x_wconf 88' lang='lat' dir='ltr'>castris</span> <span class='ocrx_word' id='word_1_289' title='bbox 566 2847 716 2917; x_wconf 87' lang='lat' dir='ltr'>praeerat;</span> <span class='ocrx_word' id='word_1_290' title='bbox 754 2836 802 2899; x_wconf 91' lang='lat' dir='ltr'>cui</span> <span class='ocrx_word' id='word_1_291' title='bbox 825 2836 876 2898; x_wconf 91' lang='lat' dir='ltr'>ubi</span> <span class='ocrx_word' id='word_1_292' title='bbox 898 2837 1068 2898; x_wconf 91' lang='lat' dir='ltr'>nuntiatum</span> <span class='ocrx_word' id='word_1_293' title='bbox 1090 2846 1150 2910; x_wconf 88' lang='lat' dir='ltr'>est,</span> <span class='ocrx_word' id='word_1_294' title='bbox 1179 2837 1285 2899; x_wconf 90' lang='lat' dir='ltr'>decem</span> 
     </span>
    </p>

    <p class='ocr_par' dir='ltr' id='par_1_15' title="bbox 206 2920 1284 3001">
     <span class='ocr_line' id='line_1_33' title="bbox 206 2920 1284 3001; baseline 0.002 -18"><span class='ocrx_word' id='word_1_295' title='bbox 206 2940 240 2983; x_wconf 84' lang='lat' dir='ltr'>ex</span> <span class='ocrx_word' id='word_1_296' title='bbox 256 2940 291 2983; x_wconf 92' lang='lat' dir='ltr'>eo</span> <span class='ocrx_word' id='word_1_297' title='bbox 307 2938 433 2983; x_wconf 90' lang='lat' dir='ltr'>numero</span> <span class='ocrx_word' id='word_1_298' title='bbox 456 2922 541 2985; x_wconf 89' lang='lat' dir='ltr'>iussis</span> <span class='ocrx_word' id='word_1_299' title='bbox 564 2922 728 2983; x_wconf 90' lang='lat' dir='ltr'>inermibus</span> <span class='ocrx_word' id='word_1_300' title='bbox 750 2922 855 2984; x_wconf 89' lang='lat' dir='ltr'>deduci</span> <span class='ocrx_word' id='word_1_301' title='bbox 878 2922 912 2983; x_wconf 92' lang='lat' dir='ltr'>ad</span> <span class='ocrx_word' id='word_1_302' title='bbox 932 2940 974 2997; x_wconf 89' lang='lat' dir='ltr'>se,</span> <span class='ocrx_word' id='word_1_303' title='bbox 996 2920 1058 2996; x_wconf 91' lang='lat' dir='ltr'>ubi,</span> <span class='ocrx_word' id='word_1_304' title='bbox 1081 2939 1156 3000; x_wconf 89' lang='lat' dir='ltr'>quae</span> <span class='ocrx_word' id='word_1_305' title='bbox 1178 2932 1284 3001; x_wconf 91' lang='lat' dir='ltr'>postu·</span> 
     </span>
    </p>

    <p class='ocr_par' dir='ltr' id='par_1_16' title="bbox 205 3006 1283 3088">
     <span class='ocr_line' id='line_1_34' title="bbox 205 3006 1283 3088; baseline -0.001 -20"><span class='ocrx_word' id='word_1_306' title='bbox 205 3007 309 3081; x_wconf 89' lang='lat' dir='ltr'>larent,</span> <span class='ocrx_word' id='word_1_307' title='bbox 332 3006 446 3069; x_wconf 90' lang='lat' dir='ltr'>audiuit</span> <span class='ocrx_word' id='word_1_308' title='bbox 468 3042 510 3053; x_wconf 89' lang='grc'>-</span> <span class='ocrx_word' id='word_1_309' title='bbox 528 3007 601 3068; x_wconf 89' lang='lat' dir='ltr'>nihil</span> <span class='ocrx_word' id='word_1_310' title='bbox 623 3017 722 3069; x_wconf 88' lang='lat' dir='ltr'>autem</span> <span class='ocrx_word' id='word_1_311' title='bbox 742 3008 820 3069; x_wconf 91' lang='lat' dir='ltr'>aliud</span> <span class='ocrx_word' id='word_1_312' title='bbox 842 3006 995 3087; x_wconf 89' lang='lat' dir='ltr'>petebant,</span> <span class='ocrx_word' id='word_1_313' title='bbox 1017 3025 1105 3086; x_wconf 93' lang='lat' dir='ltr'>quam</span> <span class='ocrx_word' id='word_1_314' title='bbox 1129 3015 1162 3068; x_wconf 90' lang='lat' dir='ltr'>ut</span> <span class='ocrx_word' id='word_1_315' title='bbox 1183 3007 1283 3088; x_wconf 83' lang='lat' dir='ltr'>Capua</span> 
     </span>
    </p>
   </div>
   <div class='ocr_carea' id='block_1_3' title="bbox 203 3091 1283 3173">
    <p class='ocr_par' dir='ltr' id='par_1_17' title="bbox 203 3091 1283 3173">
     <span class='ocr_line' id='line_1_35' title="bbox 203 3091 1283 3173; baseline -0.002 -19"><span class='ocrx_word' id='word_1_316' title='bbox 203 3101 323 3173; x_wconf 90' lang='lat' dir='ltr'>recepta</span> <span class='ocrx_word' id='word_1_317' title='bbox 346 3091 425 3154; x_wconf 89' lang='lat' dir='ltr'>bona</span> <span class='ocrx_word' id='word_1_318' title='bbox 447 3092 502 3155; x_wconf 92' lang='lat' dir='ltr'>sibi</span> <span class='ocrx_word' id='word_1_319' title='bbox 525 3092 753 3155; x_wconf 87' lang='lat' dir='ltr'>restituerentur</span> <span class='ocrx_word' id='word_1_320' title='bbox 775 3126 832 3166; x_wconf 92' lang='lat'>-,</span> <span class='ocrx_word' id='word_1_321' title='bbox 860 3092 891 3154; x_wconf 94' lang='lat' dir='ltr'>in</span> <span class='ocrx_word' id='word_1_322' title='bbox 914 3092 1002 3153; x_wconf 85' lang='lat' dir='ltr'>iidem</span> <span class='ocrx_word' id='word_1_323' title='bbox 1033 3110 1137 3154; x_wconf 90' lang='lat' dir='ltr'>omnes</span> <span class='ocrx_word' id='word_1_324' title='bbox 1159 3093 1283 3173; x_wconf 86' lang='lat' dir='ltr'>accepti.</span> 
     </span>
    </p>
   </div>
   <div class='ocr_carea' id='block_1_4' title="bbox 203 3241 1359 3851">
    <p class='ocr_par' dir='ltr' id='par_1_18' title="bbox 203 3241 1359 3851">
     <span class='ocr_line' id='line_1_36' title="bbox 294 3241 1359 3328; baseline 0 -34"><span class='ocrx_word' id='word_1_325' title='bbox 294 3247 304 3295; x_wconf 92' lang='lat' dir='ltr'>l</span> <span class='ocrx_word' id='word_1_326' title='bbox 325 3242 398 3294; x_wconf 91' lang='lat' dir='ltr'>inbre</span> <span class='ocrx_word' id='word_1_327' title='bbox 415 3243 462 3308; x_wconf 83' lang='lat' dir='ltr'>Pl</span> <span class='ocrx_word' id='word_1_328' title='bbox 481 3244 497 3293; x_wconf 82' lang='grc'>3</span> <span class='ocrx_word' id='word_1_329' title='bbox 516 3246 643 3293; x_wconf 86' lang='lat' dir='ltr'>armarant</span> <span class='ocrx_word' id='word_1_330' title='bbox 660 3242 755 3292; x_wconf 80' lang='lat' dir='ltr'>Duker</span> <span class='ocrx_word' id='word_1_331' title='bbox 781 3242 913 3293; x_wconf 85' lang='lat' dir='ltr'>armabant</span> <span class='ocrx_word' id='word_1_332' title='bbox 930 3241 978 3309; x_wconf 85' lang='lat' dir='ltr'>Pl</span> <span class='ocrx_word' id='word_1_333' title='bbox 995 3244 1012 3294; x_wconf 84' lang='grc'>1</span> <span class='ocrx_word' id='word_1_334' title='bbox 1029 3242 1086 3309; x_wconf 89' lang='lat' dir='ltr'>quit</span> <span class='ocrx_word' id='word_1_335' title='bbox 1102 3242 1126 3292; x_wconf 87' lang='lat' dir='ltr'><em>P</em></span> <span class='ocrx_word' id='word_1_336' title='bbox 1141 3241 1151 3309; x_wconf 93' lang='lat' dir='ltr'>l</span> <span class='ocrx_word' id='word_1_337' title='bbox 1169 3244 1184 3294; x_wconf 81' lang='lat'>5</span> <span class='ocrx_word' id='word_1_338' title='bbox 1203 3257 1282 3307; x_wconf 82' lang='lat' dir='ltr'>angn-</span> <span class='ocrx_word' id='word_1_339' title='bbox 1358 3285 1359 3328; x_wconf 43' lang='lat' dir='ltr'>p</span> 
     </span>
     <span class='ocr_line' id='line_1_37' title="bbox 203 3309 1359 3382; baseline -0.003 -19"><span class='ocrx_word' id='word_1_340' title='bbox 203 3312 289 3378; x_wconf 86' lang='lat' dir='ltr'>elilsq.</span> <span class='ocrx_word' id='word_1_341' title='bbox 300 3311 373 3378; x_wconf 81' lang='lat' dir='ltr'>Plld</span> <span class='ocrx_word' id='word_1_342' title='bbox 391 3315 432 3362; x_wconf 89' lang='lat' dir='ltr'>sel</span> <span class='ocrx_word' id='word_1_343' title='bbox 449 3314 519 3362; x_wconf 87' lang='lat' dir='ltr'>secta</span> <span class='ocrx_word' id='word_1_344' title='bbox 533 3309 574 3376; x_wconf 84' lang='lat' dir='ltr'>Pll</span> <span class='ocrx_word' id='word_1_345' title='bbox 588 3314 676 3376; x_wconf 84' lang='lat' dir='ltr'>portae</span> <span class='ocrx_word' id='word_1_346' title='bbox 690 3313 709 3373; x_wconf 87' lang='grc' dir='ltr'><strong><em>ς</em></strong></span> <span class='ocrx_word' id='word_1_347' title='bbox 734 3314 808 3377; x_wconf 88' lang='lat' dir='ltr'>porta</span> <span class='ocrx_word' id='word_1_348' title='bbox 820 3309 862 3377; x_wconf 86' lang='grc' dir='ltr'>Ρ1</span> <span class='ocrx_word' id='word_1_349' title='bbox 876 3314 890 3362; x_wconf 83' lang='lat' dir='ltr'>&#39;l</span> <span class='ocrx_word' id='word_1_350' title='bbox 907 3325 936 3361; x_wconf 89' lang='grc'>11</span> <span class='ocrx_word' id='word_1_351' title='bbox 948 3314 975 3374; x_wconf 87' lang='grc' dir='ltr'>ς,</span> <span class='ocrx_word' id='word_1_352' title='bbox 992 3326 1043 3361; x_wconf 82' lang='lat' dir='ltr'>om.</span> <span class='ocrx_word' id='word_1_353' title='bbox 1055 3309 1099 3377; x_wconf 87' lang='lat' dir='ltr'>Pl</span> <span class='ocrx_word' id='word_1_354' title='bbox 1111 3312 1128 3362; x_wconf 80' lang='lat'>9</span> <span class='ocrx_word' id='word_1_355' title='bbox 1139 3310 1227 3377; x_wconf 89' lang='lat' dir='ltr'>arpanl</span> <span class='ocrx_word' id='word_1_356' title='bbox 1239 3310 1281 3377; x_wconf 78' lang='lat' dir='ltr'>Pl</span> <span class='ocrx_word' id='word_1_357' title='bbox 1358 3341 1359 3382; x_wconf 49' lang='lat' dir='ltr'>q</span> 
     </span>
     <span class='ocr_line' id='line_1_38' title="bbox 206 3376 1359 3447; baseline -0.003 -15"><span class='ocrx_word' id='word_1_358' title='bbox 206 3381 237 3432; x_wconf 92' lang='lat'>10</span> <span class='ocrx_word' id='word_1_359' title='bbox 255 3385 301 3431; x_wconf 88' lang='lat' dir='ltr'>aut</span> <span class='ocrx_word' id='word_1_360' title='bbox 318 3378 387 3446; x_wconf 92' lang='lat' dir='ltr'>quod</span> <span class='ocrx_word' id='word_1_361' title='bbox 406 3377 593 3430; x_wconf 66' lang='grc'><strong>1111111111</strong></span> <span class='ocrx_word' id='word_1_362' title='bbox 606 3378 728 3443; x_wconf 81' lang='lat' dir='ltr'>lloera&#39;ng</span> <span class='ocrx_word' id='word_1_363' title='bbox 755 3376 825 3444; x_wconf 92' lang='lat' dir='ltr'>qnod</span> <span class='ocrx_word' id='word_1_364' title='bbox 844 3383 889 3430; x_wconf 92' lang='lat' dir='ltr'>aut</span> <span class='ocrx_word' id='word_1_365' title='bbox 905 3379 946 3445; x_wconf 87' lang='lat' dir='ltr'>Pl</span> <span class='ocrx_word' id='word_1_366' title='bbox 959 3377 1024 3447; x_wconf 90' lang='lat' dir='ltr'>(ob)</span> <span class='ocrx_word' id='word_1_367' title='bbox 1041 3378 1160 3430; x_wconf 84' lang='lat' dir='ltr'>meritum</span> <span class='ocrx_word' id='word_1_368' title='bbox 1177 3381 1198 3443; x_wconf 83' lang='grc' dir='ltr'><strong><em>ς</em></strong></span> <span class='ocrx_word' id='word_1_369' title='bbox 1214 3378 1281 3429; x_wconf 68' lang='lat' dir='ltr'>noe</span> <span class='ocrx_word' id='word_1_370' title='bbox 1358 3407 1359 3442; x_wconf 72' lang='lat'>3</span> 
     </span>
     <span class='ocr_line' id='line_1_39' title="bbox 204 3444 1359 3513; baseline 0 -17"><span class='ocrx_word' id='word_1_371' title='bbox 204 3448 269 3512; x_wconf 76' lang='lat' dir='ltr'>ring</span> <span class='ocrx_word' id='word_1_372' title='bbox 282 3445 293 3513; x_wconf 90' lang='lat' dir='ltr'>l</span> <span class='ocrx_word' id='word_1_373' title='bbox 307 3448 337 3499; x_wconf 86' lang='lat'>12</span> <span class='ocrx_word' id='word_1_374' title='bbox 356 3445 546 3513; x_wconf 86' lang='lat' dir='ltr'>stipendiariam</span> <span class='ocrx_word' id='word_1_375' title='bbox 561 3451 581 3509; x_wconf 87' lang='grc' dir='ltr'><strong><em>ς</em></strong></span> <span class='ocrx_word' id='word_1_376' title='bbox 608 3446 882 3511; x_wconf 79' lang='lat' dir='ltr'>stipendiumilitariaur</span> <span class='ocrx_word' id='word_1_377' title='bbox 894 3444 928 3509; x_wconf 63' lang='lat' dir='ltr'>Pl</span> <span class='ocrx_word' id='word_1_378' title='bbox 953 3445 1080 3512; x_wconf 88' lang='lat' dir='ltr'>stipendia</span> <span class='ocrx_word' id='word_1_379' title='bbox 1096 3445 1214 3497; x_wconf 88' lang='lat' dir='ltr'>militaria</span> <span class='ocrx_word' id='word_1_380' title='bbox 1227 3444 1284 3513; x_wconf 70' lang='grc' dir='ltr'>ΡΙ</span> <span class='ocrx_word' id='word_1_381' title='bbox 1358 3459 1359 3504; x_wconf 62' lang='lat' dir='ltr'>ss</span> 
     </span>
     <span class='ocr_line' id='line_1_40' title="bbox 205 3512 1359 3649; baseline 0.001 -17"><span class='ocrx_word' id='word_1_382' title='bbox 205 3512 1282 3649; x_wconf 66' lang='grc' dir='ltr'><strong>111111111111111111,11.“1έ11111111</strong></span> <span class='ocrx_word' id='word_1_383' title='bbox 1358 3595 1359 3600; x_wconf 17' lang='grc' dir='ltr'><strong><em>κ</em></strong></span> 
     </span>
     <span class='ocr_line' id='line_1_41' title="bbox 205 3580 1359 3719; baseline 0 -18"><span class='ocrx_word' id='word_1_384' title='bbox 205 3654 274 3701; x_wconf 87' lang='lat' dir='ltr'>tores</span> <span class='ocrx_word' id='word_1_385' title='bbox 287 3648 365 3715; x_wconf 89' lang='lat' dir='ltr'>Plab</span> <span class='ocrx_word' id='word_1_386' title='bbox 382 3664 501 3701; x_wconf 88' lang='lat' dir='ltr'>romanos</span> <span class='ocrx_word' id='word_1_387' title='bbox 514 3580 640 3719; x_wconf 56' lang='lat' dir='ltr'>ldlldpdu</span> <span class='ocrx_word' id='word_1_388' title='bbox 659 3649 704 3702; x_wconf 93' lang='lat' dir='ltr'>lici</span> <span class='ocrx_word' id='word_1_389' title='bbox 717 3619 1108 3716; x_wconf 60' lang='grc'><strong>1111111111121111111.</strong></span> <span class='ocrx_word' id='word_1_390' title='bbox 1120 3666 1156 3701; x_wconf 77' lang='lat' dir='ltr'>ee·</span> <span class='ocrx_word' id='word_1_391' title='bbox 1173 3596 1228 3702; x_wconf 72' lang='lat' dir='ltr'>odda</span> <span class='ocrx_word' id='word_1_392' title='bbox 1240 3649 1264 3700; x_wconf 91' lang='lat' dir='ltr'><em>P</em></span> <span class='ocrx_word' id='word_1_393' title='bbox 1358 3679 1359 3701; x_wconf 57' lang='lat' dir='ltr'>r</span> 
     </span>
     <span class='ocr_line' id='line_1_42' title="bbox 205 3716 1265 3785; baseline -0.002 -16"><span class='ocrx_word' id='word_1_394' title='bbox 205 3718 238 3770; x_wconf 77' lang='lat'>26</span> <span class='ocrx_word' id='word_1_395' title='bbox 255 3716 281 3768; x_wconf 89' lang='lat' dir='ltr'>in</span> <span class='ocrx_word' id='word_1_396' title='bbox 299 3716 383 3782; x_wconf 88' lang='lat' dir='ltr'>apulia</span> <span class='ocrx_word' id='word_1_397' title='bbox 403 3717 492 3768; x_wconf 81' lang='grc'><strong>11111</strong></span> <span class='ocrx_word' id='word_1_398' title='bbox 512 3717 598 3783; x_wconf 89' lang='lat' dir='ltr'>apulia</span> <span class='ocrx_word' id='word_1_399' title='bbox 666 3717 806 3785; x_wconf 52' lang='grc'><strong>1111128</strong></span> <span class='ocrx_word' id='word_1_400' title='bbox 823 3718 856 3770; x_wconf 93' lang='lat' dir='ltr'>ab</span> <span class='ocrx_word' id='word_1_401' title='bbox 868 3722 952 3770; x_wconf 89' lang='lat' dir='ltr'>castra</span> <span class='ocrx_word' id='word_1_402' title='bbox 967 3718 1011 3785; x_wconf 85' lang='lat' dir='ltr'>Pl</span> <span class='ocrx_word' id='word_1_403' title='bbox 1022 3719 1055 3770; x_wconf 78' lang='lat'>29</span> <span class='ocrx_word' id='word_1_404' title='bbox 1073 3732 1099 3784; x_wconf 88' lang='lat' dir='ltr'>q.</span> <span class='ocrx_word' id='word_1_405' title='bbox 1112 3717 1198 3785; x_wconf 78' lang='lat' dir='ltr'>Plan</span> <span class='ocrx_word' id='word_1_406' title='bbox 1211 3716 1265 3769; x_wconf 78' lang='grc' dir='ltr'>ῐΡ</span> 
     </span>
     <span class='ocr_line' id='line_1_43' title="bbox 205 3783 540 3851; baseline -0.006 -14"><span class='ocrx_word' id='word_1_407' title='bbox 205 3786 238 3838; x_wconf 86' lang='grc'>34</span> <span class='ocrx_word' id='word_1_408' title='bbox 257 3784 357 3851; x_wconf 86' lang='lat' dir='ltr'>accepit</span> <span class='ocrx_word' id='word_1_409' title='bbox 374 3788 394 3848; x_wconf 84' lang='grc' dir='ltr'><strong><em>ς</em></strong></span> <span class='ocrx_word' id='word_1_410' title='bbox 410 3783 540 3835; x_wconf 73' lang='lat' dir='ltr'>dimone</span> 
     </span>
    </p>
   </div>
   <div class='ocr_carea' id='block_1_5' title="bbox 0 0 1372 4250">
    <p class='ocr_par' dir='ltr' id='par_1_19' title="bbox 0 0 1372 4250">
     <span class='ocr_line' id='line_1_44' title="bbox 0 0 1372 4250; baseline 0 0"><span class='ocrx_word' id='word_1_411' title='bbox 0 0 1372 4250; x_wconf 95' lang='lat' dir='ltr'> </span> 
     </span>
    </p>
   </div>
  </div>
 </body>
</html>
