2734 4250
203 132 266 193 198
594 135 688 189 uesta
706 136 826 201 xxvlltt,
844 142 867 192 3.
886 142 902 192 1
1135 166 1156 198 s.
1171 168 1193 200 u.
1208 167 1229 199 c.
1243 159 1280 201 oss

147 320 176 372 ts
199 311 285 384 stris,
307 320 397 390 gente
419 310 454 371 ad
478 327 597 371 omnem
618 327 720 370 auram
747 309 811 390 spei
834 309 936 371 mobili
964 318 1054 388 atque
1077 310 1179 371 infida.
1223 312 1278 374 hm

199 414 284 475 reges
310 394 476 475 Syphacem
507 403 576 474 post
607 394 800 473 conloquium
835 413 902 455 curn
931 394 1073 474 Scipione
1107 395 1278 469 alienatum,

199 478 381 541 Masinissam
404 489 504 560 aperta
526 479 694 541 delectione
716 479 940 542 infestissimum
963 479 1090 542 hostem.
1130 481 1206 542 nihil
1229 501 1279 544 us·

148 574 177 624 lo
198 583 286 644 quam
315 564 395 644 spei,
424 565 498 625 nihil
525 563 624 625 auxilii
652 583 727 626 esse.
773 583 828 626 nec
849 564 1003 644 Magonem
1034 583 1070 626 ex
1093 564 1185 626 Gallia
1216 585 1279 629 mo-

198 668 270 712 nere
289 650 434 712 turnultus
461 650 619 728 quicquam
649 668 706 711 nec
734 650 919 730 coniungere
952 668 1017 712 sese
1045 650 1222 724 Hannibali,
1252 663 1314 716 eto

155 738 175 793 4
200 734 395 796 Hannibalem
417 735 515 814 ipsum
536 735 595 795 iam
617 745 647 795 et
669 736 744 796 lama
766 753 923 797 senescere
945 745 976 796 et
997 735 1122 796 uiribus.
1153 737 1184 796 in
1206 735 1280 799 haec

199 819 332 881 deflenda
365 820 521 900 prolapsos
554 819 591 880 ab
623 821 738 881 recenti
769 821 876 881 nuntio
904 820 1020 881 animos
1047 837 1152 882 rursus
1180 831 1281 884 terror

198 906 314 967 instans
345 905 501 968 reuocauit
527 907 562 965 ad
596 904 843 978 consultandum,
876 922 1006 984 quonam
1040 905 1129 967 modo
1159 905 1279 968 obuiam

162 990 403 1070 tpraesontihus
433 989 573 1069 periculis
601 989 704 1050 iretur.
748 990 873 1051 dilectus
895 991 1002 1069 raptim
1034 990 1064 1051 in
1088 990 1164 1052 urhe
1185 993 1280 1070 agris·

199 1094 258 1155 que
274 1075 374 1137 haberi
391 1076 497 1154 placet,
520 1075 637 1136 mittere
654 1074 689 1135 ad
706 1076 900 1137 conducenda
916 1077 1054 1137 Afrorum
1070 1076 1187 1149 auxilio,
1212 1095 1279 1138 mu·
1302 1091 1325 1142 to

199 1161 264 1222 nire
293 1159 413 1232 urbem,
443 1162 624 1222 frumentum
654 1161 841 1230 conuehere,
869 1161 943 1232 tela,
973 1178 1054 1221 arma
1079 1179 1201 1240 parare,
1232 1163 1278 1224 in-

198 1255 315 1308 struere
342 1264 436 1306 naues
463 1263 497 1307 ao
526 1246 642 1306 mittere
672 1247 708 1305 ad
737 1245 907 1325 Hipponem
940 1245 1083 1307 aduersus
1112 1247 1278 1308 Romanam

161 1340 176 1389 3
197 1332 329 1392 classem.
374 1331 431 1391 iam
460 1330 533 1392 haec
554 1329 714 1409 agentibus
736 1331 860 1392 nuntius
887 1329 1005 1390 tandem
1028 1331 1112 1392 uenit
1133 1331 1279 1404 Laelium,

200 1436 259 1478 non
283 1416 470 1496 Scipionem,
500 1415 673 1495 copiasque,
704 1426 832 1494 quantae
860 1416 895 1476 ad
925 1415 1113 1477 incursiones
1138 1434 1279 1497 agrorum

198 1503 268 1562 satis
296 1501 372 1574 sint,
399 1509 600 1575 transuectas3
627 1518 762 1562 summae
784 1500 852 1561 belli
875 1500 983 1560 molem
1005 1501 1101 1562 adhuc
1123 1502 1154 1563 in
1179 1503 1279 1564 Sieilia
1300 1515 1323 1565 15

161 1595 177 1646 t
199 1605 273 1648 esse.
317 1586 357 1646 its
379 1585 573 1664 respiratum,
598 1585 734 1664 mittique
757 1585 920 1664 legationes
941 1585 977 1646 ad
1000 1585 1166 1665 Syphacem
1189 1587 1278 1650 alios·

198 1689 256 1749 que
278 1670 396 1749 regulos
417 1671 580 1731 firmandae
600 1670 748 1731 societatis
769 1687 855 1732 eausa
879 1680 1011 1749 coeptae.
1055 1672 1091 1732 ad
1108 1672 1279 1753 Philippum

198 1773 319 1834 quoque
339 1754 430 1828 missi,
454 1755 506 1833 qui
527 1754 656 1816 ducenta
675 1755 791 1834 argenti
813 1756 920 1816 talenta
943 1755 1167 1834 pollicerentur,
1190 1759 1278 1820 utin

160 1850 175 1899 o
198 1840 327 1900 Siciliam
350 1848 401 1900 aut
421 1840 451 1900 in
468 1839 579 1902 ltaliam
601 1840 749 1902 traiceret.
782 1840 864 1902 missi
879 1851 909 1901 et
930 1841 966 1900 ad
989 1859 1059 1902 suos
1081 1841 1279 1921 imperatores
1363 1917 1364 1920 Ἴ

160 1934 176 1984 t
197 1926 229 1984 in
246 1924 369 1996 ltaliam,
392 1934 426 1985 ut
440 1925 521 1985 omni
544 1935 659 1986 terrore
673 1925 845 2004 Scipionem
861 1925 1045 1998 retinerent;
1067 1926 1103 1986 ad
1119 1925 1279 2007 llagonem
1299 1941 1323 1992 11

199 2027 260 2070 non
283 2009 371 2089 legati
395 2011 492 2084 modo,
515 2011 566 2072 sed
590 2009 696 2089 uiginti
719 2010 852 2090 quinque
873 2011 980 2088 longae
1003 2029 1104 2084 naues,
1128 2013 1278 2074 sexmilia
1363 2061 1364 2086 ,

197 2094 340 2175 peditum,
363 2095 527 2175 octingenti
550 2095 680 2174 equites,
706 2105 819 2176 septem
843 2095 1008 2176 elephanti,
1031 2096 1146 2159 adhoc
1169 2116 1278 2178 magna

197 2182 324 2260 pecunia
347 2182 383 2242 ad
406 2180 601 2243 conducenda
622 2181 744 2256 auxilia,
774 2181 883 2261 quihus
903 2183 997 2243 fretus
1024 2181 1148 2263 propius
1169 2184 1277 2246 urbem

197 2266 360 2328 Romanam
390 2266 550 2328 exercitum
579 2265 753 2328 admoueret
774 2266 1030 2347 coniungeretque
1052 2286 1084 2327 se
1107 2266 1277 2331 llannibsli.

160 2352 269 2413 thaec
291 2352 460 2432 Carthagini
489 2351 633 2432 parabant
661 2352 880 2431 agitabantque.
925 2352 960 2412 ad
990 2351 1122 2413 Laelium
1152 2354 1278 2433 praedes
1299 2367 1325 2417 te

196 2436 327 2515 ingentis
348 2456 384 2498 ex
406 2454 478 2515 agro
500 2436 606 2497 inermi
629 2454 664 2497 ac
687 2437 766 2498 nudo
788 2436 942 2517 praesidiis
960 2446 1096 2517 agentem
1113 2438 1277 2506 Masinissa,

162 2530 177 2581 8
199 2523 274 2583 lama
292 2521 443 2583 Romanae
465 2521 565 2583 classis
586 2522 710 2595 excitus,
733 2540 801 2583 cum
824 2521 974 2601 equitibus
995 2522 1098 2602 paucis
1120 2525 1216 2585 uenit.
1253 2526 1277 2585 is

195 2607 328 2685 segniter
349 2626 412 2668 rem
434 2607 480 2687 agi
502 2606 540 2667 ah
563 2607 703 2686 Scipione
726 2616 864 2687 questus,
893 2608 972 2685 quod
997 2626 1057 2668 non
1081 2607 1139 2668 iam
1162 2610 1277 2671 exerci-

195 2701 258 2753 tum
273 2693 304 2753 in
321 2692 448 2753 Africam
470 2692 643 2765 traiecisset,
657 2693 804 2771 perculsis
821 2691 1123 2771 Carthaginiensibus,
1138 2694 1277 2774 Syphace

265 2862 276 2910 1
297 2857 359 2910 airis
372 2857 411 2908 Ρ
427 2858 666 2926 agaisPlgentem
679 2856 717 2908 Ρ
730 2856 740 2939 1
752 2858 873 2910 mobilem
891 2866 968 2927 atque
981 2856 1085 2911 inillam
1098 2858 1138 2909 Ρ
1150 2862 1190 2923 11
1202 2876 1278 2928 reges

196 2925 234 2975 Ρ
251 2940 312 2991 rege
331 2924 362 2974 Ρ
379 2928 439 2992 rege
458 2925 512 2993 ΡΙ
527 2930 542 2979 5
560 2929 593 2978 al
612 2942 660 2979 nec
677 2940 833 2991 coniungere
850 2942 933 2992 usquo
951 2928 988 2977 ad
1002 2926 1101 2991 30,21,
1115 2928 1149 2979 12
1164 2944 1217 2994 per
1234 2946 1278 2981 co·

196 2994 282 3044 dicem
300 2992 474 3045 Harlsioonm
492 2998 668 3060 recuperatam
685 2992 725 3043 Ρ
737 2993 747 3060 1
759 3008 816 3046 sese
834 2995 858 3045 Ρ
872 3008 900 3047 se
913 2992 970 3062 Ρ1
984 2996 1000 3046 (t
1018 3002 1045 3046 et
1062 3000 1125 3045 asts
1143 2995 1210 3048 lama
1225 3013 1277 3048 om.

195 3060 256 3129 Ρ1
270 3064 285 3114 8
297 3061 418 3128 qnoniam
434 3062 473 3129 Ρ1
489 3066 519 3113 to
531 3062 625 3114 hahere
636 3067 656 3125 ς
668 3061 679 3128 1
691 3061 789 3114 munire
801 3060 834 3112 Ρ
846 3076 949 3114 munere
961 3061 993 3113 Ρ
1006 3062 1097 3114 muniri
1110 3062 1150 3114 Ρ
1161 3062 1172 3131 1
1188 3068 1219 3119 11
1234 3080 1278 3132 pa·

195 3137 280 3182 tarent
297 3130 453 3182 instruerent
470 3129 531 3197 ΡΙ
546 3132 577 3182 11
595 3146 626 3181 ac
644 3130 682 3180 Ρ
701 3146 714 3181 a
732 3129 819 3196 Ρ113
838 3131 897 3183 neni
916 3131 956 3196 Ρ,
974 3146 1044 3181 corr.
1063 3129 1097 3182 Ρ
1115 3134 1126 3197 1
1143 3134 1175 3184 lh
1195 3138 1279 3185 trans-

195 3204 286 3251 uectus
303 3198 344 3258 Ρ,
365 3213 436 3249 sorr.
453 3197 514 3264 ΡΙ
532 3212 647 3250 summae
665 3197 698 3249 Ρ
721 3212 845 3250 summam
863 3197 899 3249 Ρ
920 3199 1010 3250 summi
1035 3198 1075 3247 Ρ
1093 3200 1103 3265 1
1120 3200 1217 3252 molam
1237 3202 1278 3257 Ρ,

194 3283 266 3318 corr.
284 3264 346 3332 ΡΙ
363 3269 396 3320 to
414 3266 557 3332 legationes
579 3266 611 3318 ad
628 3265 768 3333 syphacem
788 3264 827 3315 Ρ
850 3266 881 3317 ael
902 3265 1042 3384 ss'mffl
1067 3266 1213 3331 legationes
1232 3270 1280 3335 ΡΙ

197 3338 228 3387 l'l
246 3339 320 3402 cepta
339 3334 445 3399 Ρ118
464 3335 541 3386 teleta
560 3334 600 3397 Ρ,
618 3350 688 3386 eon.
707 3332 742 3385 Ρ
760 3332 888 3401 119111ἰεί
941 3350 1037 3399 ,eorm
1055 3333 1089 3386 Ρ
1123 3350 1186 3387 snos
1204 3336 1280 3388 ΡΡ

195 3418 244 3455 uos
261 3404 292 3455 Ρ
311 3402 482 3469 1111111Ρ,
502 3418 551 3453 oss.
571 3400 619 3469 ΡΙ
635 3403 664 3455 11
685 3402 764 3468 longe
781 3416 861 3454 naues
878 3403 902 3454 P
920 3416 999 3455 naues
1016 3402 1093 3469 longe
1111 3402 1180 3470 ΡΙ
1197 3404 1278 3457 millia

195 3471 239 3538 ΡΙ
251 3472 284 3523 11
302 3470 443 3537 octingenti
462 3470 633 3538 Pqulogentl
651 3468 692 3521 Ρ
710 3470 720 3535 Ι
738 3475 837 3537 septem
856 3471 894 3520 Ρ
916 3476 943 3521 et
962 3476 1061 3538 septem
1079 3470 1122 3538 Ρ1
1134 3471 1279 3540 elephanti]

195 3540 224 3600 P,
240 3538 289 3588 ssd
301 3542 413 3603 priore
431 3541 461 3588 s'a
477 3554 533 3590 aas.
553 3538 563 3605 Ι
581 3540 614 3591 25
632 3538 772 3604 carthagini
792 3540 831 3588 Ρ
848 3538 996 3603 carthagine
1013 3538 1053 3603 Ρ,
1077 3539 1086 3590 l
1104 3554 1121 3589 a
1138 3540 1172 3590 Ρ
1194 3556 1247 3607 pas·
1264 3557 1279 3592 e

194 3605 277 3653 docto
295 3620 390 3655 rursus
407 3622 485 3656 eraso
497 3607 508 3672 1
521 3606 585 3671 adq
601 3611 629 3658 at
640 3606 664 3656 P
677 3621 735 3657 enni
748 3606 779 3658 ad
793 3606 831 3656 Ρ
843 3606 853 3673 1
866 3608 899 3660 16
911 3606 1071 3659 masinissam
1084 3607 1125 3670 Ρ,
1138 3622 1211 3660 corr.
1224 3608 1279 3672 Ρ1

197 3672 229 3721 at
242 3683 361 3721 romanae
374 3673 397 3724 Ρ
410 3687 442 3724 ne
454 3674 494 3722 Ρ
505 3673 516 3739 1
528 3675 561 3726 18
574 3672 606 3725 ad
622 3673 739 3739 scipione
751 3674 793 3741 ΡΙ
806 3680 930 3741 quaestus
940 3675 1079 3741 Pqnestus
1090 3680 1131 3725 est
1144 3675 1279 3744 Madvig!

197 3749 248 3785 non
266 3736 306 3785 Ρ
324 3739 428 3790 tamnen
445 3738 487 3805 ΡΙ
500 3741 550 3791 lam
568 3740 708 3793 exercitam
727 3756 761 3792 so
779 3742 917 3794 exercitam
935 3742 985 3793 iam
1004 3742 1036 3793 Ρ
1048 3740 1058 3809 1
1071 3743 1104 3795 111
1116 3742 1282 3808 perculsis?

197 3802 318 3866 periculis
336 3802 376 3851 Ρ
388 3804 398 3867 1
409 3819 504 3871 sypaoe
522 3808 547 3857 Ρ
