2734 4250
199 155 261 214 134
581 151 677 204 uranu
694 149 802 218 nsvin,
821 153 879 204 uo
1128 175 1148 210 .,
1164 165 1276 209 ΜΝ

197 326 413 399 tibustamen,
442 343 517 404 quae
539 325 597 386 iam
620 341 715 404 prope
737 323 935 384 maturitatem
957 329 1058 396 erant,
1088 322 1217 382 maxime
1246 323 1278 383 in
1363 347 1364 372 ;

197 407 265 474 sinu
281 410 446 471 Aenianum
467 409 607 471 euastatis
621 408 776 470 Scotusam
791 407 891 488 copias
911 405 1036 468 reducit
1079 404 1121 466 ibi
1144 406 1278 469 exercitu
1363 435 1364 438 ¹

147 507 176 560 tt
197 496 279 558 omni
294 495 397 556 relicto
413 513 482 556 cnm
497 493 620 555 cohorte
635 494 716 574 regia
732 492 947 554 Demetriadem
970 509 1036 552 sese
1053 490 1169 570 recipit.
1205 491 1279 552 inde

196 590 232 643 ut
241 580 279 641 ad
289 580 387 642 omnis
399 578 529 640 hostium
544 588 643 640 motus
657 586 760 658 posset
781 594 950 651 occurrere,
966 575 997 637 in
1010 575 1171 638 Phocidem
1187 585 1278 656 atque

196 665 349 727 Euboeam
371 673 401 725 et
422 664 619 744 Peparethum
642 663 747 736 mittit,
776 663 826 743 qui
848 663 911 724 loca
932 661 990 722 alta
1012 660 1174 740 eligerent,
1197 661 1313 722 under

96 771 106 790 ·
147 763 176 814 tr
198 751 268 812 editi
279 751 364 828 ignes
374 757 553 829 apparerent
559 767 568 822 ;
583 748 647 828 ipse
662 749 693 808 iu
706 747 810 810 Tisaeo
824 781 861 791 —
878 763 966 807 mons
981 747 1070 808 estin
1087 745 1279 807 altitudinem

197 835 349 914 ingentem
364 833 527 895 cacuminis
541 833 611 894 editi
628 865 666 877 -—
683 832 833 912 speculam
848 831 959 911 posuit,
983 839 1015 891 ut
1030 831 1150 908 ignibus
1169 831 1279 911 procul

196 918 320 982 sublatis
333 919 463 996 signum,
485 917 536 980 ubi
552 917 622 997 quid
637 916 814 979 molirentur
829 917 937 990 hostes,
960 923 1112 976 momento
1132 916 1280 996 temporis

197 1004 258 1065 acci
281 1012 353 1064 eret

146 1097 175 1151 ta
259 1024 434 1150 ¹‚Romanus
459 1087 620 1166 imperator
642 1094 672 1147 et
693 1085 808 1148 Attalus
835 1103 886 1147 rex
907 1104 923 1146 a
946 1085 1111 1164 Peparetho
1134 1083 1277 1147 Nicaeam
1299 1096 1329 1146 tu

197 1173 394 1247 traiecerunt3
422 1171 493 1233 inde
514 1171 639 1233 classem
661 1171 691 1231 in
717 1170 869 1233 Euboeam
892 1170 928 1231 ad
951 1170 1055 1231 urbem
1079 1169 1193 1232 Oreum
1217 1181 1278 1231 tra-

197 1259 328 1332 mittunt,
345 1274 420 1337 quae
436 1256 472 1318 ab
490 1255 674 1318 Demetriaco
690 1257 759 1317 sinu
775 1255 941 1318 Chalcidem
957 1263 986 1316 et
1001 1253 1145 1335 Euripum
1162 1257 1278 1335 petenti
1363 1279 1364 1332 i

146 1353 176 1406 19
196 1344 232 1404 ad
248 1343 361 1404 laeuam
376 1342 471 1421 prima
487 1340 605 1401 urbium
620 1339 760 1402 Euboeae
782 1340 878 1421 posita
894 1350 947 1402 est
990 1340 1029 1400 ita
1052 1341 1132 1402 inter
1145 1339 1278 1402 Attalum

198 1446 231 1489 ac
254 1427 417 1507 Sulpicium
440 1425 598 1499 conuenit,
629 1435 662 1486 ut
684 1425 810 1487 Romani
832 1443 848 1486 a
871 1427 960 1499 mari,
984 1427 1056 1503 regii
1079 1434 1198 1486 eterra
1222 1446 1279 1507 op·
1363 1471 1364 1510 ,

160 1519 377 1593 opugnarent
421 1509 587 1589 quadriduo
608 1523 693 1590 post,
716 1527 803 1590 quam
827 1511 948 1591 adpulsa
971 1511 1071 1572 classis
1093 1519 1146 1584 est,
1169 1511 1279 1573 urbem
1302 1519 1327 1570 te
1363 1513 1364 1594 l

196 1596 328 1675 adgressi
344 1605 423 1658 sunt.
467 1595 496 1656 id
513 1605 630 1674 tempus
652 1596 776 1658 occultis
797 1613 864 1656 cum
880 1595 1007 1668 Platore,
1030 1595 1082 1675 qui
1102 1595 1279 1677 aPhilippo
1363 1599 1364 1632 ³

159 1694 175 1744 2
196 1681 383 1760 praepositus
405 1679 472 1740 urbi
494 1688 572 1752 erat,
599 1680 767 1758 conloquiis
789 1690 978 1760 apsumptum
1000 1689 1053 1742 est
1097 1681 1171 1742 duas
1192 1699 1279 1744 arces

197 1764 269 1826 urbs
290 1762 394 1838 habet,
423 1781 514 1824 unam
536 1763 739 1826 imminentem
763 1766 850 1838 mari,
878 1765 969 1826 altera
991 1764 1073 1827 urbis
1093 1766 1189 1827 media
1213 1775 1278 1840 est3
1363 1799 1364 1804 κ

197 1847 336 1911 cuniculo
352 1848 421 1909 inde
437 1847 483 1909 uia
505 1848 541 1909 ad
564 1867 645 1910 mare
667 1851 758 1924 ducit,
781 1867 869 1929 quam
893 1867 909 1909 a
931 1850 1005 1911 mari
1026 1851 1117 1912 turris
1139 1851 1278 1930 quinque

142 1945 176 1995 ‘t
196 1932 411 2007 tabulatorum,
434 1933 586 2013 egregium
607 1935 883 2016 propugnaculum,
908 1935 1069 1996 claudebat
1115 1935 1154 1996 ibi
1177 1935 1279 2014 primo
1301 1943 1326 1994 bt

168 2033 174 2044 ·
197 2018 414 2080 atrocissimum
428 2027 616 2081 contractum
631 2028 677 2081 est
694 2027 844 2082 certamen
868 2030 899 2080 et
919 2027 1002 2080 turre
1023 2019 1168 2082 instructa
1191 2022 1279 2082 omni

197 2121 307 2185 genere
320 2103 448 2165 telorum
464 2113 494 2165 et
507 2104 664 2167 tormentis
678 2105 883 2185 machinisque
899 2106 933 2167 ad
955 2104 1185 2185 oppugnandam
1207 2124 1278 2167 eam

159 2201 232 2251 ter
247 2189 375 2252 nauibus
391 2190 541 2269 expositis.
586 2208 655 2250 cum
678 2191 813 2251 omnium
834 2190 949 2253 animos
971 2191 1133 2270 oculosque
1155 2191 1184 2251 id
1207 2209 1278 2252 cer-

196 2284 295 2337 tamen
319 2276 490 2347 auertisset,
518 2284 606 2354 porta
626 2275 800 2337 maritumae
827 2275 902 2337 arcis
924 2276 1023 2337 Plator
1044 2275 1195 2337 llomanos
1224 2294 1278 2337 ao-

197 2361 291 2439 cepit,
315 2367 527 2437 momentoque
549 2377 601 2420 arr
624 2369 767 2439 occupata
790 2368 842 2422 est.
887 2360 1027 2440 oppidani
1049 2359 1126 2440 pulsi
1149 2360 1219 2422 inde
1242 2361 1277 2422 in
1303 2371 1332 2421 m

159 2454 175 2503 o
196 2445 322 2507 mediam
336 2444 442 2505 urbem
456 2443 492 2503 ad
510 2444 633 2506 alteram
654 2445 777 2507 tendere
800 2462 908 2506 arcem.
952 2454 982 2506 ot
1003 2444 1043 2507 ibi
1066 2444 1154 2524 positi
1176 2455 1279 2519 erant,
1363 2456 1364 2459 ’

140 2538 142 2542 ’
197 2530 249 2607 qui
275 2529 356 2590 tores
376 2538 480 2608 portae
508 2528 673 2590 obicerent.
718 2531 756 2591 ita
784 2530 894 2591 exclusi
923 2530 954 2590 in
983 2530 1080 2591 medio
1108 2531 1280 2592 caeduntur

159 2613 422 2693 dcapiunturque.
466 2613 661 2675 Macedonum
684 2614 866 2694 praesidium
887 2614 1097 2694 conglobatum
1119 2613 1175 2676 sub
1196 2616 1280 2679 areis

196 2716 282 2759 muro
296 2699 378 2760 stetit
392 2716 449 2759 nec
463 2699 532 2778 luga
548 2699 640 2761 effuse
655 2700 746 2779 petita
763 2718 819 2761 nec
840 2700 1031 2780 pertinaciter
1051 2698 1165 2779 proelio
1186 2700 1279 2761 inito.

159 2793 173 2841 τ
195 2800 246 2845 eos
268 2782 368 2844 Plator
389 2783 479 2843 uenia
499 2782 537 2843 ab
560 2784 693 2863 Sulpicio
715 2786 869 2864 impetrata
892 2785 922 2845 in
948 2802 1039 2846 naues
1060 2784 1215 2864 impositos
1237 2787 1280 2848 ad
1305 2796 1337 2848 tu

196 2866 379 2927 Demetrium
401 2866 575 2930 Phthiotidis
597 2868 743 2948 exposuit,
766 2869 829 2948 ipse
851 2870 886 2931 ad
910 2870 1036 2930 Attalum
1059 2888 1091 2931 se
1113 2870 1237 2949 recepit.

159 2958 176 3010 θ
282 2950 431 3030 Sulpicius
452 2960 511 3012 tam
533 2953 611 3014 lucili
633 2952 670 3014 ad
692 2953 804 3016 Oreum
826 2972 966 3015 successu
989 2954 1082 3016 elatus
1104 2952 1279 3018 Chalcidem
1363 3024 1364 3033 ,

196 3034 265 3096 inde
284 3034 422 3115 protinus
443 3036 559 3099 uictrici
582 3038 674 3100 classe
697 3038 786 3119 petit;
808 3036 859 3100 ubi
882 3039 1108 3118 haudquaquam
1130 3039 1166 3100 ad
1187 3058 1280 3119 spem

266 3204 277 3253 l
333 3202 415 3255 eiam
433 3202 473 3253 Σ*
489 3218 555 3271 quae
572 3206 597 3257 P
628 3206 754 3258 maximae
770 3204 811 3273 ΡΙ
826 3208 841 3259 2
860 3210 989 3259 scotusarn
1007 3205 1047 3256 2³
1063 3210 1207 3273 rcotyseam
1226 3207 1281 3277 ΡΙ

195 3268 287 3323 adem
334 3268 417 3323 ‘adem
435 3271 476 3336 P¹,
493 3287 563 3325 corr.
634 3273 645 3341 Ι
664 3272 756 3339 recipit
773 3274 810 3324 ΣΙ
827 3288 885 3327 rece
903 3274 925 3326 it
942 3272 985 3342 ΡΙ
1003 3277 1020 3327 4
1037 3274 1119 3343 possit
1137 3272 1195 3342 ”l
1209 3272 1281 3340 pho-

196 3338 271 3390 ciden
287 3337 336 3405 Pl
356 3341 371 3391 5
389 3339 557 3406 pepbaretum
574 3341 599 3392 P
611 3341 622 3408 Ι
636 3344 667 3395 10
684 3342 838 3409 peparrheto
856 3290 944 3409 Pftt
962 3341 1084 3395 demetria
1102 3341 1191 3394 maino
1210 3342 1249 3392 Σ·
1267 3342 1281 3412 Ι

197 3408 230 3459 14
246 3406 319 3457 marli
336 3405 376 3471 P¹,
394 3422 466 3459 corr.
483 3406 538 3474 ΡΙ
552 3413 731 3476 oppugnarent
748 3424 762 3461 a
780 3416 846 3463 terra
864 3409 928 3477 ΣῚ
949 3414 980 3464 l'l
999 3411 1069 3463 urbls
1086 3408 1147 3478 ΣἿ
1162 3410 1193 3463 18
1211 3424 1280 3477 urps

194 3472 238 3540 Pl
252 3477 284 3527 te
301 3488 378 3541 quam
395 3490 410 3525 a
429 3489 498 3527 mare
515 3477 540 3527 P
553 3491 604 3545 qua
622 3492 693 3529 mare
711 3475 750 3529 2⁸
768 3478 778 3543 l
795 3480 828 3531 22
846 3478 1004 3546 maeinisque
1020 3476 1065 3543 ΡΙ
1076 3478 1108 3530 27
1162 3483 1217 3530 rtae
1235 3478 1280 3528 Σ·

195 3544 284 3605 portas
296 3541 338 3608 ΡΙ
351 3544 384 3595 29
401 3556 487 3595 muros
499 3542 559 3609 ΣΙ
572 3543 668 3598 ell'ume
688 3544 729 3615 Pl
742 3546 903 3611 pernosciter
914 3544 948 3597 P¹
965 3546 1092 3613 peruciter
1150 3545 1277 3613 {proelio

196 3605 235 3685 {¹
251 3608 377 3671 proelium
394 3611 443 3678 ΡΙ
460 3610 524 3664 inito
541 3612 580 3662 ΣΙ
596 3612 706 3677 initium,
723 3613 770 3665 aad
784 3618 921 3681 postrema
937 3614 947 3664 i
964 3614 1109 3665 admodum
1122 3614 1239 3681 palude,
1255 3616 1283 3667 P

196 3675 288 3751 matum
306 3674 392 3741 ς1130
410 3678 443 3728 ab
460 3678 495 3728 Ρ
513 3680 574 3731 bP¹
587 3679 621 3732 ab
638 3682 709 3733 uela
722 3680 760 3732 Σ
778 3681 839 3745 isui
859 3682 909 3735 icio
926 3698 962 3733 eo
979 3681 1093 3748 sulpinlo
1110 3681 1164 3747 ΡΙ
1177 3683 1208 3734 ut
1230 3681 1279 3735 de-

196 3742 315 3791 metnnm
338 3742 376 3791 2¹
398 3742 581 3799 demetriacurn
604 3748 805 3815 Plphtlotitlis
872 3748 988 3802 thiotldls
1012 3749 1077 3817 2¹1
1095 3754 1123 3802 at
1139 3748 1229 3817 Pleu
1248 3756 1277 3803 at

198 3802 327 3873 oracleum
345 3809 388 3875 ΡΙ
400 3811 540 3865 mlcbidem
558 3814 600 3881 Pl
613 3816 645 3867 33
663 3816 764 3869 uictricl
781 3816 854 3868 ΡΣ·
870 3816 932 3870 uictl
950 3817 981 3869 Ρ·
