2734 4250
98 165 232 210 acuente
495 145 589 199 LlBER
607 146 682 211 xxtt,
700 150 740 201 at.
754 149 786 203 38
1120 145 1179 203 101

98 321 250 393 traiceret,
273 331 308 381 ut
329 329 360 380 et
380 320 480 382 hostes
501 320 627 380 interra
649 338 700 381 sua
724 317 835 381 bellum
857 318 1003 381 haberent
1023 318 1182 400 minusque

98 406 258 467 laxamenti
288 406 410 466 daretur
436 405 471 467 iis
499 405 534 465 ad
563 404 667 465 auxilia
698 403 855 466 Hannibali
879 404 1096 467 summittenda.
1147 404 1182 465 ab
1206 412 1234 464 to

98 500 206 553 senatu
221 492 262 551 ita
277 508 455 571 responsum
471 490 549 570 regis
566 490 670 569 legatis
690 498 744 564 est,
767 490 864 552 uirum
886 490 999 551 bonum
1014 490 1181 569 egregium-

99 594 160 655 que
176 576 293 637 socium
309 575 469 637 Hieronem
491 594 556 637 esse
577 584 667 653 atque
689 594 751 636 uno
771 584 885 651 tenore,
908 594 943 637 ex
960 594 1019 655 quo
1034 576 1065 636 in
1081 574 1182 637 amici·

63 663 171 724 amm
195 661 298 740 populi
320 661 447 722 Romani
470 660 596 731 uenerit,
619 660 706 721 iidem
728 660 855 723 coluisse
878 678 912 722 ae
934 678 996 722 rem
1019 660 1181 722 Romanam

99 746 183 807 omni
206 754 341 826 tempore
368 764 402 807 ac
424 746 490 806 loco
512 746 653 807 munifice
674 745 832 807 adiuuisse.
875 746 904 807 id
928 746 1052 827 perinde
1074 764 1109 807 ac
1130 747 1182 807 de·

97 830 187 891 beret
214 839 330 910 gratum
358 831 471 911 populo
493 831 629 892 Romano
658 848 731 894 esse.
775 848 879 892 aurum
910 840 940 895 et
969 849 985 892 a
1014 831 1183 894 ciuitatibus
1205 836 1233 890 tt

97 914 278 995 quibusdam
306 916 424 977 allatum
453 916 547 996 gratia
568 916 611 977 rei
633 925 754 996 accepta
782 934 844 977 non
867 917 1015 997 accepisse
1036 916 1180 997 populum

97 1000 287 1077 Romanum3
309 1001 467 1063 Victoriam
489 1018 638 1079 omenque
659 1000 795 1081 accipere
817 1002 977 1081 sedemque
999 1003 1026 1064 ei
1048 1021 1080 1064 se
1097 1002 1183 1064 diuae
1204 1009 1233 1061 12

49 1100 77 1149 lo
96 1086 170 1147 aare
192 1087 291 1147 dicare
312 1086 500 1166 Capitolium,
525 1086 668 1166 templum
691 1085 770 1148 louis
793 1087 895 1167 optimi
917 1088 1045 1149 maximi.
1093 1088 1124 1149 in
1148 1105 1181 1149 ea

96 1188 169 1232 arce
191 1172 275 1233 urbis
297 1171 447 1233 Romanae
469 1179 611 1233 sacratam
635 1170 786 1233 uolentem
810 1172 1042 1252 propitiumque,
1065 1174 1179 1235 firmam

96 1274 134 1316 ac
157 1255 293 1317 mobilem
322 1258 387 1318 lore
412 1256 524 1337 populo
546 1257 690 1318 Romano.
733 1257 900 1320 funditores
928 1258 1130 1338 sagittariique
1153 1268 1183 1319 et
1204 1266 1232 1317 ta

96 1342 284 1403 frumentum
306 1342 446 1403 traditum
477 1340 659 1403 consulibus.
704 1341 934 1421 quinqueremes
957 1343 993 1403 ad
1018 1364 1035 1401 e
1059 1342 1180 1405 nauium

97 1425 235 1500 classem,
257 1444 417 1507 quaecum
432 1426 466 1487 T.
480 1426 604 1488 Otacilio
619 1436 814 1507 propraetore
828 1428 859 1489 in
876 1426 975 1489 Sicilia
996 1436 1069 1502 erat,
1092 1427 1178 1507 quin·

45 1522 74 1571 15
98 1528 161 1589 que
183 1521 214 1572 et
235 1512 342 1591 uiginti
364 1511 492 1587 additae,
515 1513 752 1592 permissumque
776 1522 835 1587 est,
858 1522 899 1589 ut,
922 1513 947 1575 si
969 1530 986 1573 e
1007 1532 1039 1574 re
1062 1511 1179 1594 publica

98 1606 239 1658 censeret
259 1616 335 1671 esse,
356 1597 388 1659 in
410 1597 539 1659 Africam
561 1597 710 1659 traiceret.

186 1680 300 1744 Ildectu
315 1683 449 1761 perlecto
463 1682 602 1745 consules
616 1700 728 1762 paucos
742 1682 849 1744 morati
864 1683 935 1757 dies,
953 1684 1024 1745 dum
1040 1683 1076 1745 ab
1092 1684 1179 1747 sociis
1193 1686 1231 1743 38

97 1784 134 1827 ac
149 1767 273 1828 nomine
288 1766 394 1828 Latino
418 1768 558 1829 uenirent
571 1768 688 1829 milites.
726 1776 799 1843 tum,
824 1767 902 1847 quod
919 1787 1080 1848 numquam
1096 1778 1182 1831 antea
1204 1777 1218 1828 2

97 1852 210 1912 lactum
233 1860 310 1926 erat,
340 1852 552 1914 iureiurando
574 1853 611 1913 ab
634 1851 763 1915 tribunis
789 1852 913 1915 militnm
940 1854 1034 1916 adacti
1056 1854 1179 1929 milites;

43 1946 74 1997 a)
97 1936 221 1997 named
236 1937 394 1998 eamdiem
412 1937 486 1999 nihil
507 1947 626 2017 praeter
640 1948 859 2000 sacramentum
882 1940 987 2015 luerat,
1010 1940 1093 2002 iussu
1108 1958 1181 2002 con·
1202 1949 1217 1999 e

97 2021 198 2083 sulum
213 2030 419 2085 conuenturos
435 2041 532 2102 neque
547 2022 662 2085 iniussu
677 2023 818 2097 abituros,
835 2033 865 2085 et
879 2023 930 2086 nbi
946 2026 982 2085 ad
997 2024 1178 2087 decuriatum

96 2115 150 2170 aut
173 2108 373 2169 centuriatum
395 2108 617 2182 conuenissent,
639 2127 691 2170 sua
707 2109 861 2172 uoluntate
884 2109 939 2192 ipsi
955 2110 1034 2172 inter
1049 2130 1113 2174 sese
1128 2111 1179 2172 de·
1284 2116 1297 2138 ⁸

97 2193 206 2254 curiati
223 2193 347 2272 equites,
369 2193 526 2256 centuriati
541 2194 657 2273 pedites
678 2193 876 2257 coniurabant
897 2213 962 2257 sese
984 2196 1070 2274 luqae
1092 2205 1181 2276 atque
1202 2206 1217 2255 4

98 2277 269 2340 formidinis
290 2297 363 2358 ergo
385 2297 446 2340 non
471 2277 603 2341 abituros
626 2297 725 2358 neque
746 2298 781 2340 ex
803 2279 908 2341 ordine
931 2297 1101 2342 recessuros
1124 2282 1179 2343 nisi

48 2371 77 2421 z
97 2363 150 2424 teli
165 2363 304 2424 sumendi
319 2373 370 2425 ant
384 2364 503 2444 aptandi
520 2372 550 2425 et
564 2373 614 2425 aut
629 2364 723 2427 hostis
738 2365 864 2426 leriendi
880 2373 931 2426 aut
946 2365 1020 2427 ciuis
1041 2365 1180 2428 seruandi

98 2465 197 2510 causa.
234 2449 264 2509 id
280 2467 316 2509 ex
331 2449 502 2511 uoluntario
516 2449 596 2510 inter
609 2449 690 2529 ipsos
709 2449 827 2511 loedere
848 2450 884 2511 ad
906 2449 1043 2512 tribnrms
1058 2467 1092 2511 ac
1107 2450 1179 2530 legi·
1201 2458 1216 2507 5

98 2535 201 2594 tirnam
225 2533 299 2595 iuris
321 2534 438 2595 iurandi
459 2534 644 2596 adactionem
666 2535 851 2596 translatum.

184 2618 359 2692 tentiones,
381 2620 553 2700 prinsquam
568 2620 695 2682 chorbe
717 2621 802 2700 signa
823 2629 1027 2694 mouerentur,
1051 2620 1217 2683 oonsuliso

185 2754 196 2803 l
226 2751 360 2804 traieceret
378 2753 426 2820 ΡΙ
448 2754 463 2805 2
481 2753 522 2805 lais
540 2753 564 2804 P
581 2752 590 2820 ΙΙ
613 2755 627 2805 3
652 2753 721 2819 regis
746 2753 838 2820 legatis
860 2757 957 2821 εονίρει·
977 2753 1035 2806 Em.
1053 2754 1113 2805 diu.
1132 2753 1180 2804 16

96 2819 165 2886 regis
177 2820 202 2871 Ρ
224 2821 279 2885 regi
291 2825 312 2885 ς
337 2820 415 2886 regiis
428 2819 603 2888 Bitschofsky
619 2822 686 2873 cast.
702 2821 797 2888 Gymac
809 2821 844 2874 36
856 2821 947 2885 (1885)
960 2821 1012 2874 356
1023 2821 1033 2890 d
1046 2825 1063 2873 4
1081 2823 1178 2874 socium

96 2904 131 2938 ex
148 2887 280 2939 sociorum
298 2888 330 2939 Ρ’
347 2887 429 2956 [adq.
448 2889 522 2956 Pll5
541 2890 639 2942 romani
658 2893 688 2940 ia
705 2904 776 2942 roma
794 2894 859 2942 mat.
877 2891 960 2958 1³¹1}ss
979 2889 1114 2942 munitione
1132 2889 1179 2952 Pl

95 2957 111 3008 8
123 2961 260 3022 acceptam
272 2955 315 3023 ΡΙ
327 2959 344 3010 9
357 2955 445 3008 diones
457 2958 498 3020 ΡΙ,
510 2971 581 3009 corr.
593 2957 648 3025 Vq
663 2959 695 3009 12
708 2957 788 3009 iorem
801 2960 841 3023 ΡΙ,
855 2974 924 3011 corr.
937 2957 971 3009 Ρ
983 2957 992 3025 ΙΙ
1005 2958 1177 3025 sagittariosq.

96 3023 143 3090 ΡΙ
165 3025 197 3075 ta
220 3039 362 3075 numerarat
385 3027 498 3076 nauium
521 3025 651 3076 caudicae
667 3027 803 3076 intellexit
820 3031 847 3076 et
863 3029 966 3079 centum
984 3026 1077 3092 uiginti
1093 3025 1179 3088 scissa

95 3091 282 3211 ῗωῖναέἇοέειῖ
299 3093 506 3213 toefflmeaezit
514 3093 893 3214 ζιιηξζιξιηόοῗίἓῗᾚὲῃὴό
901 3093 1181 3227 θῖἀέ1’ἑέἒιθζὴὲἀ11

97 3231 128 3280 ll
144 3240 214 3308 qpae
232 3230 252 3293 ς
279 3243 304 3294 q.
322 3229 347 3279 P
360 3227 401 3295 lt.
419 3177 504 3280 Aidus
525 3231 564 3312 .ffi·
582 3230 606 3281 Ρ
621 3228 766 3297 lopiacilio
780 3201 809 3281 'P
823 3230 833 3298 i
846 3201 901 3312 'epat
918 3234 937 3295 ς
964 3199 1036 3282 erant
1053 3231 1077 3280 P
1090 3229 1100 3295 Ι]
1114 3231 1178 3310 leue

94 3309 193 3431 ‘illl
212 3295 443 3428 latitent
453 3297 800 3431 ltu‘etlalilzl
812 3297 1179 3431 t¹t⁵a÷ttfd⁰llca⁸2⁰tt

95 3378 177 3484 inerat
193 3435 289 3498 pacarit
306 3429 414 3484 erere
431 3434 482 3498 i²¹
504 3433 638 3486 habituros
655 3433 679 3483 P
695 3433 748 3496 lad
766 3433 817 3486 del.
835 3435 944 3500 Lipsius
969 3404 1001 3485 ad
1019 3431 1177 3485 decuriatum

94 3505 136 3552 ant
160 3499 335 3553 centuriatum
359 3501 408 3552 del.
435 3504 505 3554 roni.
524 3502 550 3554 0.
563 3502 612 3553 Fr.
625 3501 738 3552 Mueller
755 3502 850 3556 Pda'lol.
869 3503 903 3555 te
916 3501 1007 3565 (1884)
1020 3501 1072 3554 360
1095 3505 1127 3552 ut
1144 3517 1178 3551 aa

94 3569 297 3636 fumantibus
315 3567 370 3619 der.
389 3584 446 3635 equ.
465 3573 533 3622 cent.
552 3567 610 3637 ped.
624 3575 703 3633 ortc‚·
721 3568 752 3620 ad
771 3567 952 3622 decuriandum
971 3575 1015 3622 aut
1033 3570 1177 3622 centurian-

93 3635 152 3688 dum
170 3653 225 3688 εον.
237 3634 373 3716 Madvig!
387 3637 419 3689 23
438 3635 495 3756 adq:
511 3637 551 3704 ΡΙΙ
565 3640 598 3690 24
610 3635 744 3689 habituros
757 3639 800 3720 Ρ11
813 3641 845 3692 25
864 3642 913 3688 out
930 3637 1054 3719 sumendi
1065 3641 1110 3689 aut
1128 3637 1177 3688 dcl.

94 3710 140 3755 out
157 3703 295 3771 repetenda
310 3720 364 3770 pro
389 3709 465 3772 peteo
485 3719 493 3755 t
511 3721 562 3757 arr.
582 3711 669 3756 cenea
688 3703 794 3757 ereum
812 3707 822 3774 l
839 3705 944 3773 optandi
961 3705 1073 3770 Madvag
1088 3703 1178 3772 praef.

94 3773 167 3826 edd
196 3771 303 3840 petendi
316 3771 359 3839 Pp
372 3777 398 3824 et
415 3774 444 3835 P,
462 3772 511 3828 del.
528 3773 615 3842 §126
633 3787 663 3825 ac
679 3773 821 3826 Weissend.
848 3773 879 3825 ad
898 3775 920 3825 Ρ
944 3778 971 3825 et
988 3772 1019 3824 ad
1038 3778 1056 3837 ς
1076 3773 1156 3824 Gron.
1168 3772 1177 3831 ΙΙ

94 3841 125 3892 28
142 3840 261 3894 consolis
278 3839 315 3891 pa
341 3840 453 3893 conatalis
470 3841 503 3892 1²¹
