2734 4250
192 58 253 118 152
592 56 690 109 LIBER
709 56 793 123 llell,
812 57 845 109 11
1133 82 1187 113 qu.
1199 70 1269 113 esus

55 216 65 236 ’
154 232 309 295 standena
338 249 369 293 se
393 246 513 309 quoque
541 238 571 289 et
591 228 781 289 solitudinem
810 227 908 289 suriae
936 226 1171 307 paucitatemque
1196 246 1267 287 eon·

153 328 168 378 3
189 316 374 378 uenientium
404 314 439 375 ad
465 312 617 393 publicum
639 312 795 373 consilium
826 320 1031 390 respexerunt.
1069 310 1266 391 nequeenim

191 411 260 481 post
271 401 303 461 L.
317 399 471 461 Aemilium
488 406 518 459 et
529 398 560 459 C.
573 397 750 459 Flaminium
765 416 905 459 censores
920 407 1041 458 senatus
1056 397 1149 457 lectus
1164 398 1268 458 luerat.

192 504 261 547 cum
282 495 397 547 tantum
420 493 591 546 senatomm
613 483 755 545 aduersae
777 500 904 561 pugnae,
926 482 961 542 ad
980 482 1037 542 boc
1052 483 1097 542 sui
1120 500 1268 559 quemque

154 582 170 633 t
192 590 278 633 casus
292 588 347 650 per
361 567 602 648 quinquennium
617 568 859 647 apsumpsissent.
888 585 955 627 cum
971 566 1008 627 de
1024 586 1057 627 ea
1072 586 1105 627 re
1120 565 1269 627 1111111-
1289 576 1302 625 ⁵

192 655 249 717 lius
271 664 399 734 praetor,
422 653 564 714 dictatore
586 660 655 731 post
669 651 828 713 Casilinum
844 651 983 713 amissum
999 654 1133 732 prolecto
1148 650 1268 711 tandem

193 740 228 800 ad
251 739 422 811 exercitum,
445 736 673 818 exposcentibus
696 737 812 799 cunctis
828 736 998 809 rettulisset,
1021 744 1083 798 tum
1100 738 1150 817 Sp.
1167 735 1269 797 Carui-

192 824 259 896 lius,
281 841 348 884 cum
371 823 460 901 longa
483 821 618 883 oratione
640 841 701 882 non
726 821 820 883 solum
844 822 974 900 inopiam
989 833 1106 901 patrum
1128 820 1180 883 sed
1199 838 1269 900 pau-

194 909 310 969 citatem
323 907 410 968 etiam
422 906 541 980 ciuium,
558 925 595 967 ex
609 905 718 985 quibus
732 908 764 967 in
782 916 880 986 patres
893 907 1072 984 legerentur,
1087 914 1271 984 conquestus

157 1004 172 1052 5
194 1000 279 1065 esset,
301 992 439 1072 explendi
462 1000 582 1053 senatus
605 1009 692 1051 causa
714 1001 743 1052 et
758 990 900 1070 iungendi
916 991 1008 1052 artius
1023 990 1118 1051 Latini
1141 991 1271 1051 nominis
1292 999 1314 1048 to

195 1095 262 1139 cum
279 1077 390 1157 populo
405 1076 540 1137 Romano
555 1094 736 1155 magnopere
751 1095 783 1137 se
798 1077 922 1138 suadere
944 1076 1025 1149 dixit,
1047 1086 1081 1137 ut
1095 1094 1128 1136 ex
1145 1074 1271 1155 singulis

194 1162 312 1242 populis
328 1162 499 1223 Latinorum
515 1160 594 1222 binis
608 1161 806 1231 senatoribus,
821 1160 930 1239 quibus
944 1170 1043 1239 patros
1057 1160 1186 1221 Romani
1202 1178 1271 1221 cen-

194 1248 333 1323 suissent,
349 1246 453 1307 ciuitas
466 1246 588 1307 daretur
601 1254 690 1324 atque
702 1245 729 1306 ei
745 1245 774 1305 in
788 1246 1011 1306 demortuorum
1023 1244 1120 1306 locum
1136 1246 1169 1305 in
1186 1262 1271 1307 sena-

158 1343 173 1392 t
195 1342 257 1393 tum
279 1332 460 1411 legerentur.
496 1348 561 1391 eam
576 1329 753 1391 sententiam
771 1330 843 1391 haut
858 1328 1047 1409 aequioribus
1062 1329 1169 1390 animis
1185 1346 1269 1409 quam

157 1428 171 1477 1
194 1417 327 1496 ipsorum
349 1416 498 1494 quondam
520 1414 700 1494 postulatum
723 1414 897 1476 Latinorum
919 1422 1018 1493 patres
1038 1413 1217 1487 audierunt;
1246 1422 1272 1473 et
1292 1420 1314 1470 lt

196 1520 262 1562 cum
286 1501 422 1562 fremitus
442 1499 661 1579 indignantium
690 1510 750 1560 tota
773 1500 853 1561 ouria
882 1508 976 1571 esset,
1005 1508 1034 1559 et
1056 1500 1218 1578 praecipue
1240 1498 1271 1557 l.
1343 1526 1344 1551 i

195 1586 322 1647 Manlius
352 1603 417 1646 esse
444 1583 530 1646 etiam
560 1603 642 1645 nunc
663 1584 728 1646 eius
756 1585 857 1663 stirpis
879 1585 975 1644 uirum
998 1583 1124 1656 diceret,
1156 1602 1193 1645 er
1217 1601 1271 1662 qua

197 1670 347 1749 quondam
369 1670 399 1729 in
419 1668 561 1748 Capitolio
585 1669 690 1730 consul
711 1670 840 1731 minatus
862 1678 947 1743 esset,
972 1686 1060 1747 quem
1079 1667 1220 1729 Latinum
1243 1668 1270 1727 in

158 1763 173 1815 8
197 1755 278 1815 curia
300 1753 431 1827 uidisset,
453 1772 522 1815 eum
544 1772 597 1815 sua
619 1772 709 1814 mann
729 1772 760 1815 se
775 1754 1009 1826 interfecturum,
1033 1752 1271 1825 0111115111-

196 1840 293 1899 ximus
314 1856 475 1916 numquam
491 1837 534 1900 rei
551 1837 638 1900 ullius
660 1838 802 1899 alieniore
818 1847 952 1918 tempore
967 1839 1150 1899 mentionem
1168 1840 1272 1899 iactam
1292 1844 1315 1894 11

197 1924 228 1983 in
251 1931 354 1984 senatu
377 1923 463 1994 dicit,
493 1941 581 2001 quam
612 1924 691 1984 inter
711 1932 771 1985 tam
800 1941 960 2002 suspensos
986 1922 1134 1984 sociorum
1159 1924 1273 1984 animos

159 2018 175 2068 e
196 2008 398 2086 insertamque
413 2008 499 2069 fidem
515 2007 543 2068 id
559 2008 678 2081 iactum,
700 2010 779 2087 quod
796 2008 917 2087 insuper
931 2008 1101 2069 sollicitaret
1116 2026 1179 2069 eos.
1211 2026 1271 2067 eam

197 2092 429 2155 utriushominis
444 2092 628 2155 temerariam
643 2111 749 2154 uocem
762 2093 879 2156 silentio
895 2092 1028 2154 omnium
1043 2092 1272 2173 extinguendam
1342 2161 1343 2178 ,

197 2197 261 2240 esse
283 2187 321 2252 et,
343 2179 367 2240 si
390 2178 460 2256 quid
483 2195 624 2256 umquam
646 2179 745 2240 arcani
768 2179 901 2240 sanctiue
923 2178 960 2239 ad
974 2178 1120 2239 silendum
1144 2178 1271 2240 incuria
1342 2187 1343 2224 t

197 2263 295 2336 luerit,
318 2263 347 2323 id
362 2263 500 2324 ‘omnium
523 2263 648 2323 manime
670 2263 840 2342 tegendum,
864 2263 1070 2336 occulendum,
1094 2262 1273 2326 obliuiscen-
1292 2271 1315 2322 11

196 2349 276 2420 dum,
298 2366 353 2428 pro
375 2347 486 2409 indicto
502 2345 672 2408 babendum
688 2367 761 2410 esse.
799 2348 837 2408 ita
857 2348 920 2409 eius
936 2347 978 2408 rei
1001 2365 1142 2427 oppressa
1161 2349 1271 2410 mentio

145 2441 175 2493 10
197 2443 249 2494 est.
284 2433 472 2506 dictatorem,
503 2432 552 2512 qui
582 2450 690 2493 censor
712 2443 780 2494 ante
810 2433 912 2494 luisset
939 2432 1218 2512 uetustissimusque
1240 2451 1272 2493 er

197 2519 247 2587 iis,
269 2518 321 2595 qui
343 2517 495 2590 uiuerent,
518 2518 661 2579 censoriis
683 2527 776 2590 esset,
800 2518 893 2579 creari
915 2518 1041 2597 placuit,
1064 2517 1115 2594 qui
1138 2528 1272 2580 senatum

201 2637 405 2648 ———-

283 2701 298 2752 3
322 2699 512 2752 senatuelectus
534 2703 564 2751 in
587 2699 791 2753 senatnselectus
813 2705 878 2753 mut.
900 2701 931 2751 Ρ
953 2701 962 2764 ΙΙ
986 2704 1000 2754 5
1024 2701 1214 2768 apsumsissent
1230 2701 1273 2766 Ρ1

198 2768 214 2817 d
233 2771 335 2833 praetor
354 2775 373 2830 ς
400 2782 445 2832 pro
464 2768 505 2834 ΡΙΙ
519 2767 621 2820 tandem
639 2771 737 2833 scripsi
754 2769 811 2820 Em.
831 2768 890 2820 Lite.
909 2767 977 2835 110,
994 2771 1075 2819 etiam
1094 2773 1199 2822 teanum
1218 2770 1274 2820 coll.

199 2850 256 2900 cap.
275 2833 345 2899 2t‚5
364 2835 477 2897 11311
495 2837 622 2901 conicias,
639 2843 691 2887 tana
709 2837 733 2888 P
756 2837 805 2888 ianr
825 2841 858 2901 ς,
878 2851 927 2890 nm.
946 2841 965 2901 ς
982 2835 1138 2904 Frigellli
1158 2844 1212 2889 turn
1230 2851 1273 2902 pu-

197 2903 251 2952 rius
270 2901 340 2968 ΡΙΘ
358 2908 458 2967 patrum
476 2904 537 2955 odd
554 2905 635 2954 Hertz
654 2907 769 2968 (senatus
787 2909 806 2969 ς
832 2913 980 2956 senatorum
996 2905 1160 2970 Weissenbt,
1179 2921 1229 2958 om.
1242 2905 1273 2965 Ρ,·
1340 2957 1341 2964 χ

198 2969 387 3021 baudasindo
404 2985 454 3022 non
474 2971 556 3023 solum
574 2977 675 3038 potrum
689 2972 742 3034 (uel
754 2975 910 3036 senatorum)
928 2972 1041 3039 inopiam
1055 2971 1189 3024 collocare
1199 2987 1274 3038 prae·
1340 2977 1341 3010 t

198 3041 255 3100 stet,
273 3052 323 3089 non
343 3043 442 3102 patrum
461 3040 543 3091 solum
562 3039 675 3105 inopium
694 3042 764 3091 coni.
783 3041 811 3091 H.
825 3040 849 3092 J.
861 3039 973 3091 Mueller
985 3040 1135 3092 Jatrasoer.
1148 3040 1248 3094 111116
1267 3039 1272 3102 1
1340 3011 1341 3081 l

199 3107 214 3158 9
233 3105 259 3156 in
276 3110 395 3172 pauesg
420 3108 577 3173 impetresl’
600 3111 684 3173 potres
702 3109 763 3170 (mn.
775 3107 811 3172 in)
823 3108 848 3160 J.
861 3109 892 3160 11.
908 3107 995 3174 Vocati
1010 3111 1038 3160 11
1055 3107 1152 3175 populo
1172 3121 1273 3160 romano

198 3187 353 3240 magnopere
372 3171 479 3226 Crdcter
505 3189 673 3241 promagnore
690 3175 724 3228 Ρι
750 3189 796 3241 pro
814 3189 906 3242 magna
930 3189 957 3226 re
976 3173 1036 3242 1¹²!
1059 3177 1088 3228 11
1107 3175 1202 3242 quibus
1223 3173 1275 3236 (uel

199 3241 283 3308 queis)
301 3241 363 3294 odd.
381 3242 450 3295 J.Id.
464 3244 544 3309 Voss,
568 3257 618 3294 om.
636 3243 682 3309 ΡΙ
700 3243 843 3296 censuisset
860 3243 906 3310 ΡΙΙ
926 3245 956 3296 13
975 3246 1052 3362 altyqne
1076 3244 1100 3296 ei
1122 3244 1148 3294 in
1167 3241 1273 3306 diodus

198 3315 252 3376 atq.
270 3309 296 3360 in
313 3311 338 3361 Ρ
358 3311 434 3378 elque
457 3311 482 3363 in
501 3311 683 3362 Luterbacher
700 3310 709 3376 ΙΙ
729 3313 760 3364 tt
778 3311 840 3362 baut
861 3328 896 3362 ea
920 3311 965 3362 but
1033 3311 1090 3378 lae
1111 3311 1225 3362 nioribus
1241 3327 1273 3359 ea.-
1339 3329 1340 3342 ¹

198 3376 388 3444 inseqnioribns
406 3379 437 3430 P¹
456 3379 514 3440 (uel
529 3377 574 3442 1³⁸)
588 3378 598 3445 ΙΙ
612 3381 643 3431 ts
661 3377 773 3444 quodam
792 3379 815 3428 P
830 3378 885 3446 fltd
906 3384 922 3430 1.
938 3377 1017 3431 Grou.
1045 3386 1073 3430 nt
1091 3327 1132 3444 2¹,
1150 3379 1200 3430 dot
1217 3377 1251 3430 1²¹
1268 3379 1271 3409 ¹

202 3447 230 3496 11
250 3445 372 3496 manlium
391 3447 424 3497 Ρ1
436 3446 446 3512 l
459 3452 486 3498 st
503 3461 552 3512 qua
571 3445 612 3513 ΡΙ
627 3448 659 3499 18
677 3461 754 3512 quem
777 3447 882 3498 latinum
901 3461 977 3514 quem
996 3446 1022 3498 in
1040 3448 1061 3498 Ρ
1093 3449 1123 3498 11
1145 3446 1214 3498 incer
1230 3446 1272 3508 Ρ,Ί

199 3510 299 3562 animos
311 3511 345 3560 Ρ1
370 3513 469 3566 animos
485 3514 604 3565 incertam
618 3529 759 3580 suspensos
771 3515 897 3566 sociorum
911 3515 1010 3566 animos
1021 3515 1053 3567 ΡΙ
1090 3517 1123 3568 11
1138 3514 1164 3566 id
1182 3515 1271 3565 iactum

200 3580 269 3627 coni.
290 3576 371 3629 Gron.
395 3581 442 3630 sed
465 3584 561 3643 eumq
595 3581 620 3631 id
640 3587 735 3633 tactum
758 3585 881 3633 amnuit
903 3583 1008 3634 itacturn
1030 3585 1053 3634 Ρ
1085 3582 1110 3634 id
1130 3589 1212 3634 actum
1230 3583 1271 3646 ς1

201 3644 235 3694 11
251 3658 364 3723 prquam
382 3645 405 3694 Ρ
421 3646 431 3710 ΙΙ
454 3648 486 3699 11
505 3647 587 3697 lueret
603 3649 649 3712 ΡΙ,
674 3663 745 3699 coa-r.
765 3647 802 3699 1²³
821 3649 836 3768 q
855 3652 887 3702 16
910 3649 1007 3702 indicto
1031 3666 1090 3701 cum
1109 3648 1271 3708 Auctarium
1338 3689 1339 3720 3

201 3725 298 3773 scripu
316 3709 375 3760 Em.
389 3710 448 3762 Liu.
461 3713 503 3763 111
515 3714 592 3778 llsq.
618 3730 670 3766 non
689 3715 795 3781 dictog
838 3718 889 3770 icto
908 3717 994 3784 rges
1013 3717 1053 3770 bis
1070 3715 1276 3786 Plecusorisl'
1338 3727 1339 3749 t
