2734 4250
181 111 241 170 188
589 111 683 163 tmen
700 110 798 178 llllllll,
815 114 839 166 3.
853 115 869 164 4
1127 140 1177 172 nn
1189 130 1263 174 ctae

181 283 309 345 toniatae
331 283 366 344 ad
390 303 470 345 mare
493 301 584 345 naues
606 285 830 359 conscendunt;
852 283 965 344 Locros
987 283 1085 345 omnis
1103 285 1261 346 multitudo

128 464 158 514 16
180 370 300 514 abeuiii
323 453 428 534 Apulia
452 473 490 514 ne
512 452 606 514 hiems
628 452 747 531 quidem
770 453 869 530 quieta
897 453 977 513 inter
997 452 1149 514 Romanos
1169 463 1261 532 atquc

183 537 377 599 Hannibalem
401 547 472 599 erat.
510 537 653 598 Luceriae
669 537 865 617 Sempronius
881 536 997 610 consul,
1021 537 1167 598 Hannibal
1189 539 1263 599 haut

129 632 158 684 11
179 625 285 703 procul
304 623 391 702 Arpis
413 623 598 684 hibernabat.
635 623 715 682 inter
736 641 789 682 eos
810 622 886 683 leuia
910 621 1022 700 proelia
1045 641 1082 683 ex
1103 623 1262 684 occasione
1285 639 1303 687 5

181 719 232 770 aut
253 709 476 788 opportunitate
498 708 585 768 buius
608 717 659 767 aut
679 707 758 768 illius
778 708 870 788 partis
893 707 1074 779 oriebantur,
1097 707 1263 787 meliorque

182 794 224 855 eis
247 793 398 854 Romanus
420 793 501 854 etin
524 793 586 853 dics
608 792 722 852 cautior
745 793 895 870 tutiorque
917 791 954 852 ab
977 792 1092 853 insidiis
1114 792 1212 854 debat.

145 881 165 935 1
268 877 301 938 ln
315 878 411 940 Sicilia
425 877 565 938 llomanis
580 878 679 936 omnia
693 885 861 937 mutauerat
875 895 955 938 mors
965 877 1105 938 Hieronis
1119 895 1263 954 regnum·

181 981 240 1042 que
262 963 297 1023 ad
315 963 527 1043 Hieronymum
548 971 687 1042 nepotem
709 961 773 1022 eius
792 961 976 1037 uanslatum,
999 979 1124 1041 puerum
1141 962 1263 1022 uixdum

145 1055 160 1106 2
182 1047 358 1120 libertatem,
374 1049 482 1108 nedum
499 1047 732 1107 dominationem
748 1047 863 1108 modice
879 1047 1015 1107 laturum.
1046 1065 1110 1107 eam
1124 1056 1262 1118 aetatem,
1288 1059 1320 1110 to

182 1133 211 1194 id
234 1133 386 1212 ingenium
409 1141 523 1193 tutores
545 1141 634 1210 atque
655 1131 742 1191 amici
770 1132 805 1191 ad
830 1132 1084 1211 praecipitandum
1106 1132 1138 1192 in
1161 1132 1262 1193 omnia

182 1218 252 1278 uitia
268 1227 459 1297 acceperunt.
496 1235 571 1295 quae
594 1217 633 1277 ita
656 1216 754 1276 lutura
776 1235 904 1277 cernens
918 1215 1008 1277 Hiero
1024 1217 1126 1277 ultima
1141 1226 1263 1277 senecta

182 1303 312 1364 uoluisse
335 1302 444 1363 dicitur
465 1301 573 1361 liberas
589 1301 749 1380 Syracusas
767 1302 947 1379 relinquere,
971 1320 1008 1362 ne
1030 1302 1085 1362 sub
1109 1303 1264 1362 dominatu

182 1388 289 1467 puerili
310 1406 366 1467 per
387 1385 548 1448 ludibrium
570 1384 658 1448 bonis
678 1385 793 1448 artibus
807 1397 924 1466 parturn
945 1387 1154 1464 firmatumque
1168 1387 1263 1447 inter-

146 1479 162 1528 a
183 1472 240 1533 iret
268 1491 403 1551 regnum.
448 1471 517 1532 huic
548 1471 672 1532 consilio
702 1471 767 1533 eius
794 1489 909 1532 summa
935 1490 991 1550 ope
1013 1470 1155 1532 obstitere
1176 1471 1263 1542 dliae,
1289 1484 1322 1534 15

185 1576 293 1618 nomen
317 1557 431 1636 regium
454 1574 546 1636 penes
568 1574 696 1635 puerum
724 1557 857 1617 futurum
880 1567 976 1628 ratae,
1004 1556 1136 1635 regimen
1160 1573 1263 1617 rerum

185 1642 317 1702 omnium
348 1660 440 1721 penes
468 1659 500 1701 se
529 1641 669 1720 uirosque
698 1659 768 1702 suos
790 1641 1018 1701 Adranodorum
1047 1653 1076 1701 ct
1105 1640 1263 1720 Zoippum,

147 1732 163 1782 t
184 1727 235 1805 qui
250 1727 504 1805 Syracusanorum
527 1726 615 1804 primi
630 1724 885 1804 relinquebantur.
912 1745 974 1787 non
991 1726 1074 1786 lacile
1088 1735 1152 1786 erat
1166 1744 1263 1786 nona·

184 1810 351 1890 gensimum
374 1811 430 1870 iarn
453 1811 550 1888 agenti
570 1829 693 1886 annum,
716 1811 912 1872 circumsesso
928 1810 990 1871 dics
1012 1819 1174 1889 noctesque
1196 1829 1263 1872 mu-

184 1894 327 1956 liebribus
343 1895 501 1966 blanditiis,
525 1895 649 1956 liberare
666 1896 797 1956 animum
814 1904 844 1956 et
863 1903 1041 1957 conuertere
1062 1896 1099 1956 ad
1113 1894 1264 1974 publicam
1290 1907 1325 1958 20

147 1987 163 2036 a
185 1980 325 2060 apriuata
336 1998 447 2041 curam.
474 1981 571 2059 itaque
583 1990 697 2041 tutores
712 1981 799 2042 modo
815 1981 986 2058 quindecim
1001 1999 1095 2059 puero
1111 1980 1264 2059 relinquit,

186 2082 261 2144 quos
284 2075 421 2145 precatus
442 2074 487 2127 est
509 2065 649 2139 moriens,
671 2074 704 2127 ut
726 2065 814 2126 fldem
837 2083 907 2145 erga
929 2065 1073 2146 populum
1095 2065 1264 2127 Romanurn

186 2151 399 2231 quinquaginta
415 2170 510 2212 annos
525 2151 562 2212 ab
578 2170 609 2212 se
625 2151 734 2212 cultam
750 2151 920 2212 inuiolatam
936 2160 1093 2213 seruarent
1106 2151 1265 2213 iuuenem·

186 2254 243 2315 que
265 2238 326 2299 suis
350 2236 535 2316 potissimum
563 2236 694 2315 uestigiis
722 2236 859 2297 insistere
886 2236 1001 2298 uellent
1028 2245 1057 2296 et
1078 2236 1263 2315 disciplinae,

147 2326 163 2377 6
185 2321 216 2381 in
233 2340 290 2400 qua
307 2321 431 2382 eductus
447 2332 535 2383 esset.
573 2322 646 2381 baec
668 2322 814 2382 mandata.
851 2339 919 2381 cum
941 2322 1127 2401 exspirasset,
1149 2331 1265 2384 tutores
1290 2332 1323 2383 2¹>

185 2414 362 2467 testamento
392 2406 506 2485 prolato
534 2424 688 2485 pueroque
715 2406 941 2467 incentionem
967 2406 1114 2486 producto
1136 2438 1176 2449 —
1199 2418 1265 2469 erat

148 2500 163 2550 7
184 2500 283 2552 autem
299 2491 469 2571 quindecim
486 2500 547 2552 tum
564 2492 656 2551 lerme
672 2509 821 2551 annorum
836 2506 887 2565 -‘,
910 2492 1022 2571 paucis,
1046 2490 1095 2569 qui
1118 2508 1173 2570 per
1188 2511 1264 2553 con·

185 2576 295 2637 tionem
319 2575 355 2635 ad
378 2576 548 2637 excitandos
571 2577 715 2637 clamores
744 2576 876 2655 dispositi
898 2585 999 2650 erant,
1028 2576 1264 2656 adprobantibus

184 2668 403 2735 testamentum,
425 2661 531 2722 ceteris
547 2661 628 2721 uelut
649 2670 733 2741 patre
754 2662 860 2723 amisso
882 2660 912 2721 in
934 2660 1007 2721 orba
1030 2661 1148 2722 ciuitate
1163 2663 1264 2724 omnia

274 2898 285 2947 1
307 2894 378 2946 locos
398 2894 438 2958 P¹‚
456 2910 525 2946 corr.
543 2892 577 2945 P²
593 2894 631 2961 13
650 2894 750 2961 hiemps
768 2897 792 2946 P
803 2893 844 2961 14
861 2893 956 2946 loceris
974 2894 1017 2962 ΡΙΙ
1029 2903 1073 2947 sot
1090 2896 1161 2962 rte
1179 2904 1263 2949 muts·

185 2970 258 3015 uerst
270 2962 303 3011 P'
330 2962 476 3013 mutetierat
488 2962 519 3011 P¹
543 2968 640 3013 mutata
654 2965 709 3013 erat
720 2961 754 3014 P²
765 2961 775 3029 1
788 2965 804 3015 9
818 2962 993 3030 hieronymum
1007 2962 1041 3015 P’
1066 2963 1196 3016 hieronem
1210 2967 1264 3029 1³¹1

188 3034 218 3083 to
237 3044 292 3081 eam
310 3036 421 3081 aetatem
440 3028 465 3080 id
478 3033 506 3080 t'n
516 3030 630 3095 glossar.
643 3030 704 3082 ten.
716 3048 736 3081 s.
748 3047 776 3082 es.
803 3029 871 3082 laete
883 3031 915 3082 A.
931 3030 960 3082 G.
973 3031 1083 3081 Ernesti
1108 3033 1217 3085 sectarii
1230 3036 1263 3085 Ρι

185 3113 215 3151 es
233 3102 301 3149 etate
319 3099 354 3149 sit
371 3097 405 3149 P‘
431 3112 461 3149 es
479 3104 550 3149 aetas
568 3095 592 3148 id
607 3097 777 3165 Sclnanusl
792 3101 822 3152 11
841 3102 940 3150 tutores
951 3102 971 3163 ς
982 3099 1094 3150 Ernesti
1118 3104 1145 3151 et
1163 3109 1263 3154 tutores

183 3166 225 3233 Pl
239 3165 270 3217 ad
289 3182 340 3218 on.
359 3170 378 3231 ς
395 3166 451 3234 112
470 3180 520 3233 que
539 3166 562 3217 P
578 3164 587 3231 1
601 3166 672 3216 hiero
691 3182 727 3216 ee
744 3166 806 3217 hero
823 3165 924 3233 11117
943 3166 1146 3219 endrsnndorunr
1163 3172 1191 3219 et
1207 3172 1261 3221 zoi·

185 3234 251 3297 lurn,
270 3250 328 3287 narn
347 3235 364 3285 ii
383 3242 496 3287 tutorum
514 3234 600 3299 suppl.
621 3234 716 3297 Valla,
734 3236 783 3284 ubi
800 3235 920 3301 eoippnm
937 3251 989 3300 pro
1007 3234 1102 3287 zoilum
1119 3242 1263 3302 supposuit

186 3302 276 3367 Gron,
295 3304 339 3370 qni
354 3320 404 3369 pro
418 3318 476 3354 nem
489 3302 506 3353 ii
519 3301 559 3352 ed.
570 3303 667 3368 princ,
685 3317 898 3370 syracusanorum
914 3309 1092 3368 protutorem
1108 3303 1263 3371 Wer'ssenh,

184 3370 361 3439 andralncrum
375 3372 432 3435 (eet.
446 3373 507 3435 orn.)
520 3372 556 3433 P;
574 3369 760 3422 adranodoruru
773 3386 866 3421 uerum
879 3388 934 3421 esse
945 3373 1062 3421 nornins's
1071 3371 1187 3433 sermoni
1204 3378 1264 3437 pri·

183 3454 242 3489 enus
260 3440 395 3490 intellexit
414 3440 494 3490 Gron.
509 3437 519 3505 11
533 3441 564 3491 19
583 3438 708 3490 mulierib.
725 3439 767 3504 Pl
779 3440 812 3490 20
830 3446 980 3492 conuertere
998 3456 1034 3490 ee
1051 3454 1190 3492 conuenere
1208 3442 1264 3509 1²¹1

185 3509 216 3559 21
236 3520 248 3556 a
269 3508 367 3573 priosta
388 3508 414 3558 0.
428 3507 457 3558 L.
469 3507 561 3557 Bauer
588 3506 688 3574 priuata
707 3507 737 3556 P¹
765 3507 889 3573 priostum
908 3506 968 3575 P¹l
988 3508 1060 3573 pueri
1077 3507 1170 3575 Ρ122
1189 3524 1264 3575 prse-

184 3580 257 3626 catns
275 3574 322 3642 Ρ1
340 3577 373 3626 23
392 3581 523 3626 seruarent
541 3572 575 3625 P²
600 3578 763 3625 cernerentur
780 3575 813 3625 P¹
831 3574 841 3642 1
861 3577 895 3627 rt
912 3581 939 3627 et
956 3574 1106 3641 disciplinae
1124 3578 1169 3628 uel
1185 3577 1263 3629 disei-

184 3641 322 3761 plineeqne
340 3645 360 3706 ς
386 3642 554 3708 discipulinse
572 3642 604 3693 P¹
631 3641 783 3708 disciplinae
800 3641 850 3705 1³¹,-
868 3645 949 3693 etiarn
966 3643 1114 3697 meminisse
1132 3650 1182 3695 nest
1198 3650 1265 3696 ente

202 3709 335 3775 isciplinee
354 3714 403 3761 aut
418 3714 479 3776 pest
496 3714 566 3761 esset
583 3712 752 3761 intercidisse
769 3716 857 3761 censet
873 3710 1034 3777 Wesenberg
1046 3710 1056 3778 1
1069 3714 1102 3764 21)
1120 3712 1266 3779 εάυοωες

185 3776 293 3829 edoctus
306 3776 349 3845 Ρ1
360 3776 418 3843 <res
436 3774 591 3847 capessunt>
609 3784 708 3830 tutores
720 3778 894 3846 Alschefski!
906 3780 939 3832 26
957 3780 1078 3832 contione
1096 3779 1137 3847 ΡΙ
1150 3782 1184 3833 28
1201 3788 1231 3833 st
1243 3784 1268 3834 P
