2734 4250
87 165 107 198 ι
119 154 167 201 cur.
179 157 218 200 sm
466 139 561 193 undu
575 141 675 208 mu,
694 146 717 197 9.
738 146 769 197 10
1111 142 1151 205 '1¹5

83 312 173 385 miles,
194 311 245 391 qui
258 312 416 393 legeretur,
439 332 495 375 nec
517 313 654 393 pecunia,
677 332 753 394 quae
774 314 895 376 daretur
916 315 946 376 in
962 316 1151 395 stipendium,

11 393 12 454 i
82 406 165 459 esset„
206 416 276 459 cum
290 397 455 461 obstinatos
469 417 521 460 eos
543 400 681 461 uiderent
703 400 852 472 consules,
875 418 938 461 rem
960 402 994 461 ad
1018 413 1152 465 senatum
1175 412 1205 465 ll

80 482 256 554 detulerunt,
279 484 330 544 ubi
351 492 452 546 tantus
473 502 569 564 pauor
589 486 695 546 animis
717 485 872 546 hominum
895 495 940 547 est
960 486 1096 559 iniectus,
1119 498 1151 550 ut

81 585 184 647 magna
204 586 274 647 pars
295 578 394 630 actum
422 569 460 630 de
482 570 608 650 imperio
636 570 785 632 dicerent:
814 570 892 632 idem
921 570 991 633 alias
1019 573 1151 635 colonias

45 662 61 711 5
80 653 212 728 iacturas,
234 652 312 715 idem
326 654 439 730 soeios;
462 655 649 717 consensisse
664 656 762 717 omnis
783 655 818 717 ad
839 655 1020 734 prodendam
1037 657 1151 719 Hanni·

79 736 133 798 hali
155 736 259 799 urbem
282 739 454 801 Romanam.
497 740 637 801 consules
657 740 769 802 hortari
794 750 824 801 et
846 742 992 803 consolari
1014 754 1150 805 senatum
1166 752 1203 807 10

79 832 107 884 et
119 822 218 885 dicere
239 824 310 885 alias
331 823 465 885 colonias
486 826 517 885 in
540 826 598 885 lide
618 835 708 905 atque
731 826 829 886 olllcio
851 825 977 905 pristino
999 830 1078 889 lore:
1102 848 1150 891 eas

11 895 12 932 l
79 925 195 987 quoque
209 909 297 988 ipsas,
312 927 389 988 quae
400 910 498 970 cilicio
514 909 706 981 decesserint,
722 912 746 972 si
762 910 848 991 legati
864 911 940 988 cirea
958 931 1007 974 eas
1018 914 1150 976 colonias

79 993 239 1066 mittantur,
251 996 302 1073 qui
317 994 471 1073 castigent,
488 1014 549 1056 non
566 996 617 1074 qui
632 1006 802 1074 precentur,
818 998 1030 1058 uerecundiam
1044 999 1150 1078 imperi

34 1085 60 1135 10
79 1078 226 1141 habituras
247 1098 323 1141 esse.
366 1081 544 1160 permissum
565 1079 603 1141 ab
626 1091 732 1143 senatu
753 1081 790 1142 iis
811 1099 879 1142 cum
902 1092 995 1157 esset,
1028 1093 1187 1162 agerentt

77 1162 276 1243 iacerentque,
299 1174 333 1226 ut
353 1183 370 1226 e
392 1164 557 1246 republica
580 1166 733 1239 ducerent,
755 1167 958 1246 pertemptatis
974 1168 1057 1247 prius
1079 1169 1149 1230 alia·

76 1266 139 1308 rum
159 1248 345 1310 coloniarum
367 1250 473 1311 animis
494 1250 664 1313 citauerunt
684 1252 796 1331 legatos
819 1252 1091 1333 quaesiueruntque
1111 1254 1148 1315 ab

76 1334 1186 1501 titllll'ltltttft'tlltttss‘ttltltt'tPtdtltltt'f³

31 1509 57 1560 lt
77 1504 149 1565 mula
174 1516 292 1583 paratos
314 1524 393 1579 esse,
421 1517 466 1577 at,
494 1507 519 1567 si
542 1506 677 1585 pluribus
699 1526 774 1586 opus
795 1519 889 1579 esset,
912 1507 1006 1587 pluris
1027 1509 1148 1572 daturos

75 1598 112 1662 et,
134 1589 278 1668 quidquid
293 1590 372 1651 aliud
386 1590 546 1671 imperaret
566 1592 714 1671 uelletque
736 1591 866 1672 populus
881 1592 1040 1665 Romanus,
1063 1595 1149 1657 enixe
1170 1605 1186 1656 l

75 1674 219 1736 facturos:
243 1675 278 1736 ad
301 1675 331 1735 id
344 1675 400 1737 sibi
422 1694 521 1755 neque
536 1695 609 1757 opes
624 1677 727 1739 deesse
742 1687 771 1738 et
784 1678 916 1739 animum
939 1678 1026 1739 etiam
1041 1698 1147 1759 super·

75 1777 145 1821 esse.
189 1760 331 1822 consules
353 1778 456 1840 parum
479 1760 536 1823 sibi
558 1761 652 1823 uideri
675 1764 799 1842 praelati
827 1781 882 1843 pro
911 1764 1016 1825 merito
1045 1776 1186 1827 eorumt
1284 1784 1290 1792 ·

73 1862 124 1905 sna
139 1864 215 1906 uoce
230 1845 401 1907 conlaudari
415 1865 477 1918 eos,
501 1846 556 1908 nisi
571 1847 706 1908 uniuersi
720 1857 819 1928 patres
833 1847 869 1909 iis
890 1848 921 1908 in
945 1850 1026 1910 euris
1041 1852 1147 1928 gratias

29 1936 55 1988 n
73 1930 210 2008 egissem,
234 1931 319 2009 sequi
333 1932 364 1991 in
380 1940 515 1993 senatum
531 1950 583 1993 eos
597 1932 757 1994 iusserunt.
791 1942 911 1995 senatus
929 1951 1016 2012 quam
1032 1944 1149 2014 poterat
1168 1946 1185 1997 o

73 2015 301 2077 honoratissimo
318 2017 439 2077 decreto
460 2016 616 2079 adlocutus
636 2036 688 2079 eos
710 2018 830 2079 mandat
851 2019 1032 2093 consulibus,
1056 2031 1089 2081 ut
1110 2021 1147 2082 ad

73 2100 215 2180 populum
238 2120 359 2181 quoque
373 2121 425 2164 eos
439 2103 641 2182 producerent
662 2114 693 2164 et
710 2104 790 2165 inter
805 2103 896 2164 multa
909 2103 964 2165 alia
986 2105 1145 2184 praeclara,

73 2204 146 2264 quae
160 2187 235 2267 ipsis
248 2187 470 2267 maioribusque
489 2187 551 2250 suis
572 2189 797 2267 praestitissent,
820 2207 926 2250 recens
947 2190 1035 2251 etiam
1057 2193 1146 2253 meri·

73 2279 135 2332 tum
149 2290 255 2334 eorum
278 2273 308 2333 in
324 2273 552 2353 rempublicam
568 2282 845 2335 commemorarent.
879 2292 916 2334 ne
933 2293 1014 2335 nunc
1029 2277 1148 2355 quidem
1171 2288 1185 2337 t

28 2362 53 2413 a
72 2367 137 2434 post
158 2365 204 2418 tot
218 2357 335 2418 saecula
349 2358 494 2420 sileantur
507 2357 723 2420 lrandenturue
740 2358 826 2419 laude
841 2377 908 2420 sua:
932 2358 1049 2438 Signini
1065 2361 1147 2422 luere

72 2450 102 2502 et
115 2441 247 2503 Norbani
264 2441 484 2522 Saticulanique
505 2453 536 2504 et
559 2443 722 2520 Fregellani
746 2453 777 2504 et
798 2442 937 2505 Lucerini
960 2453 990 2504 et
1004 2443 1147 2508 Venusini

72 2535 102 2586 et
121 2527 306 2589 Brundusini
327 2538 358 2589 et
379 2527 519 2590 lladriani
542 2538 574 2590 et
594 2527 725 2590 Firmani
748 2538 778 2589 et
805 2529 1023 2603 Ariminenses,
1052 2542 1082 2593 et
1110 2531 1184 2594 ahs

73 2611 162 2672 altero
191 2613 268 2674 mari
290 2613 428 2674 Pontiani
455 2623 485 2676 et
507 2613 642 2675 Paestani
672 2624 703 2675 et
731 2613 852 2687 Cosam,
881 2620 911 2674 et
939 2615 1147 2679 mediterranei

72 2694 277 2760 Beneuentani
299 2708 327 2760 et
342 2699 500 2761 Aesernini
521 2708 552 2760 et
571 2698 720 2778 Spoletini
742 2708 773 2761 et
794 2699 957 2760 Placentini
980 2709 1010 2761 et
1026 2699 1147 2764 Cremo·

28 2786 56 2839 n
74 2799 190 2844 nenses.
229 2783 333 2844 harum
348 2784 534 2845 coloniarum
551 2784 682 2846 subsidio
705 2794 767 2845 tum
790 2783 946 2864 imperium
969 2785 1071 2866 populi
1086 2787 1148 2849 llo·
1169 2797 1185 2848 9

11 2890 12 2945 q
72 2867 147 2927 mani
169 2867 268 2940 stetit,
298 2867 393 2948 iisque
413 2869 525 2948 gratiae
548 2868 578 2930 in
601 2880 706 2931 senatu
736 2879 765 2930 et
787 2869 866 2950 apud
888 2870 1032 2950 populum
1055 2881 1146 2935 actae.

137 3004 150 3055 l
171 3016 256 3068 neque
280 3003 388 3068 pecunia
406 3002 443 3051 Σ
455 3001 494 3068 ll
512 3001 626 3054 dicerent
644 3003 681 3052 Σ*
698 3002 795 3054 diceret
814 3001 888 3070 ΡΙΙδ
908 3004 1064 3071 prebendam
1084 3005 1147 3076 Z'fl

73 3068 88 3119 8
105 3068 263 3121 decesserint
280 3070 317 3119 Σι
335 3069 509 3122 decessissent
525 3069 567 3139 Pl
581 3071 696 3122 colonias
715 3087 765 3122 om.
783 3070 820 3120 Σ
835 3070 873 3136 lli
890 3086 939 3122 non
953 3073 1012 3124 Pet
1024 3089 1075 3125 non
1088 3075 1125 3124 Σ’
1137 3077 1147 3140 ΙΙ

10 3082 14 3201 l
71 3137 222 3189 uerecundia
241 3138 303 3203 >pq
323 3142 354 3192 10
371 3153 386 3189 a
409 3138 448 3188 Σ
463 3137 474 3205 Ι
490 3147 578 3190 essent
596 3139 644 3206 ΡΙ
664 3142 693 3192 11
714 3139 879 3205 lacerentque
897 3140 936 3189 Σ3
956 3154 1006 3206 que
1026 3140 1072 3208 Pfl
1089 3157 1146 3208 per·

11 3214 12 3219 ’
74 3204 202 3271 temptatis
221 3206 259 3256 Σ
277 3207 408 3273 temptatis
426 3205 468 3273 ΡΙ
483 3208 514 3258 13
533 3207 609 3273 equid
628 3208 652 3257 Ρ
666 3222 717 3274 qne
734 3206 780 3257 aei
796 3207 839 3273 qui
858 3206 917 3274 ΣῚ
933 3211 964 3260 tl
983 3207 1082 3261 colonis
1099 3211 1123 3259 Ρ
1136 3208 1146 3276 ΙΙ

71 3270 225 3338 fragellanos
242 3273 297 3341 ΡΙ
310 3284 343 3325 ex
361 3274 468 3327 lormula
488 3283 591 3340 paratos
608 3275 646 3325 Σι
663 3282 767 3342 paratos
781 3274 889 3326 formula
902 3277 1037 3342 Pparatos
1049 3290 1080 3328 ex
1093 3276 1144 3327 lor·

72 3343 136 3392 mula
154 3347 175 3404 ς
188 3342 199 3409 Ι
213 3344 245 3395 ld
262 3343 285 3392 sl
302 3343 349 3406 Σ,
366 3358 418 3394 oen.
432 3342 475 3410 Pl
490 3345 520 3395 li
533 3343 623 3395 deesse
635 3350 662 3395 et
674 3339 828 3404 Alschefski
840 3341 941 3394 deesset
953 3342 1075 3396 Pdeesae
1087 3344 1147 3411 2³11

73 3410 103 3460 ts
119 3415 205 3475 patres
223 3409 256 3461 iis
274 3409 357 3463 Gron.
376 3411 451 3462 tresis
468 3412 509 3472 ΡΙ,
527 3416 565 3463 tre
583 3415 609 3461 et
627 3411 650 3463 is
667 3410 717 3462 del.
731 3409 774 3474 Ρῑ,
792 3417 878 3475 patres
896 3410 934 3460 Σ1
947 3408 957 3476 ll
970 3412 1002 3466 20
1015 3411 1040 3461 in
1054 3417 1144 3464 senatu

72 3475 112 3542 ΡΙ
123 3490 169 3528 eoa
187 3491 239 3532 oon
258 3478 295 3528 Σ1
309 3478 320 3545 Ι
332 3480 362 3531 tt
384 3479 595 3532 honoratissimos
613 3479 655 3544 Pl
667 3493 713 3530 eos
729 3495 780 3531 ont.
793 3476 833 3528 >3⁸
845 3479 855 3543 l
867 3479 900 3530 22
914 3493 1017 3545 quoque
1029 3479 1075 3541 Σ·,
1094 3495 1144 3532 ont

72 3544 113 3609 ΡΙ
124 3547 156 3599 tt
173 3545 225 3611 ipsi
241 3547 381 3598 maioribus
398 3548 452 3598 suis
464 3546 501 3596 Σ
514 3549 524 3613 Ι
536 3548 569 3598 tt
581 3562 668 3599 eorum
682 3562 733 3599 om.
746 3547 783 3596 Σι
795 3547 805 3612 l
818 3548 851 3599 li>
863 3546 957 3612 sipnlni
969 3546 1007 3596 Σ*
1018 3547 1027 3614 ΙΙ
1041 3549 1074 3602 26
1087 3563 1144 3600 uor-

74 3609 129 3663 beni
145 3613 184 3662 Σι
209 3616 298 3666 norant
316 3613 509 3682 Pllrsgellani
528 3613 563 3666 Ρ·
574 3615 584 3683 l
597 3615 703 3667 lacerini
729 3617 765 3664 ΣΙ
790 3614 903 3666 nucerini
922 3615 1008 3682 ΡΙΙοῑ
1025 3617 1144 3669 uenusini

74 3679 116 3742 Σ,
133 3696 184 3732 on.
202 3682 243 3746 ΡΙ
257 3684 289 3734 tt
308 3688 335 3733 et
353 3681 503 3734 brundusini
520 3683 568 3747 2³,
588 3699 637 3734 orn.
650 3681 692 3750 Pl
706 3684 738 3735 28
751 3683 881 3749 praestrui
893 3680 936 3751 Pp
949 3685 1036 3735 conani
1050 3684 1074 3733 Ρ
1083 3699 1145 3737 eon·

72 3747 378 3866 sauissyediterrani
396 3753 420 3802 Ρ
433 3751 443 3817 ΙΙ
456 3751 489 3803 29
508 3751 672 3803 beniuentani
691 3751 732 3817 Pp
746 3759 773 3803 et
790 3749 838 3814 ΣΡ,
857 3767 906 3803 cnr.
920 3753 943 3802 Ρ
956 3751 966 3819 ll
980 3753 1105 3804 aesernini
1124 3753 1148 3804 Ρ

72 3828 163 3867 sernrm
