2734 4250
99 198 117 233 ι.
129 188 177 233 car.
191 190 232 233 ato
475 172 569 226 trees
587 172 676 242 xxm,
694 178 736 230 19.
756 179 788 230 to
1124 176 1165 237 35

96 356 211 419 rantur,
239 345 271 406 in
296 346 380 408 cuius
401 355 546 427 potestate
567 365 636 409 mox
658 348 751 410 futuri
773 348 848 423 siut,
876 349 900 411 si
924 350 1065 430 conlegae
1093 350 1167 413 nihil

96 431 216 505 intersit,
238 440 354 492 mutare
376 449 408 492 se
430 432 616 511 prouinciam
632 442 767 513 paratum
783 451 857 507 esse,
880 435 1033 515 deprecari
1048 445 1204 500 seratura

96 515 320 595 praeiudicium:
344 534 413 578 nam
434 534 502 577 cum
526 528 608 578 extra
630 526 741 581 sortem
764 517 906 598 conlegae
929 521 1079 599 optionem
1102 519 1167 583 dari

15 671 16 674 Ἴ
95 602 264 680 prouinciae
278 601 389 663 inicum
405 602 503 677 luerit,
526 611 638 682 quanto
653 602 796 665 maiorem
817 603 964 679 iniuriam,
986 606 1076 667 immo
1092 625 1166 669 con-

61 698 75 746 5
98 685 244 748 tumeliam
265 704 349 761 esse,
376 697 487 749 sortem
509 706 591 749 suam
617 688 651 749 ad
675 706 742 749 eum
770 689 939 751 uanslcrril
975 691 1015 752 its
1037 701 1165 766 senatus,
1187 704 1203 755 o

15 831 16 848 ,
94 790 167 847 eum,
185 771 255 851 qnid
269 770 409 852 placeret,
425 772 518 852 magis
532 772 711 836 ostendisset
726 792 817 853 quam
828 773 985 848 decresset
1000 774 1164 839 dimittitur.

92 856 169 919 inter
197 857 278 937 ipsos
306 857 446 920 consules
473 858 652 937 permutatio
672 858 912 938 prouinciarum,
942 860 1075 941 rapiente
1103 862 1163 923 lato

94 941 259 1004 llarcellum
281 943 318 1003 ad
341 942 553 1017 Hannibalem,
576 944 651 1004 lacta
673 953 731 1018 est,
755 951 797 1018 ut,
820 962 856 1004 ex
879 963 938 1024 quo
960 946 1074 1025 primus
1095 955 1164 1027 post
1186 958 1214 1010 to

92 1025 211 1089 aduersa
231 1027 330 1088 omnia
351 1027 429 1089 haud
452 1028 593 1089 aduersae
607 1045 727 1107 pugnae
749 1028 871 1108 gloriam
894 1040 1022 1109 ceperat,
1045 1032 1076 1094 in
1100 1032 1164 1095 cius

48 1122 73 1171 to
93 1112 204 1173 laudem
234 1122 402 1192 postremus
431 1112 634 1175 Romanorum
660 1114 887 1193 imperaturum,
920 1117 1072 1195 prosperis
1099 1124 1161 1179 tum

93 1198 214 1259 maxime
235 1195 350 1259 bellicis
370 1196 469 1273 rebus,
491 1198 618 1259 caderet

172 1282 352 1344 Permutatis
373 1284 539 1363 prouinciis
561 1283 652 1345 Siculi
673 1283 705 1345 in
728 1292 862 1345 senatum
889 1282 1049 1346 introducti
1072 1285 1214 1346 mutuae

91 1366 125 1427 de
140 1366 279 1429 Hieronis
300 1367 378 1445 regis
400 1367 458 1428 dde
479 1378 625 1449 perpetua
642 1386 712 1447 erga
728 1368 871 1449 populum
886 1366 1054 1430 Romanum
1069 1370 1160 1432 uerba

92 1453 226 1514 fecerunt
239 1452 270 1513 in
283 1452 405 1533 gratiam
417 1452 568 1534 publicam
583 1462 771 1515 auertentes:
788 1452 1001 1535 Hieronymum
1014 1472 1048 1515 ac
1060 1465 1162 1535 postea

46 1546 71 1595 ta
90 1536 289 1617 Hippocraten
311 1549 399 1616 atque
415 1537 567 1619 Epicyden
583 1548 728 1619 tyrannos
749 1556 816 1600 cum
834 1537 872 1599 ol)
887 1538 941 1599 alia
959 1548 1022 1601 tum
1039 1548 1162 1621 propter

90 1620 285 1684 delectionem
307 1622 343 1683 alr
359 1621 500 1685 Romanis
514 1623 550 1685 ad
567 1623 763 1685 Hannibalem
784 1624 897 1686 inuisos
911 1624 1002 1686 tuisse
1017 1624 1083 1687 sibi.
1121 1624 1161 1687 ob

90 1725 149 1768 eam
171 1725 292 1769 causam
321 1717 351 1769 et
372 1707 586 1789 Hieronymum
615 1727 631 1770 a
660 1708 847 1790 principibus
874 1710 1038 1773 iuuentutis
1066 1728 1160 1791 prope

89 1792 206 1871 publico
222 1792 348 1854 consilio
365 1794 565 1869 interfectum,
584 1794 659 1855 etin
676 1793 815 1875 Epicydis
830 1794 1077 1875 Hippocratisque
1093 1814 1160 1857 eae·
1182 1802 1198 1854 3

88 1878 151 1939 dem
173 1878 361 1958 septuaginta
384 1878 633 1940 nobilissimorum
665 1878 807 1941 iuuenum
836 1879 1073 1942 coniurationem
1100 1881 1159 1943 iac·

45 1969 69 2020 to
87 1972 157 2038 tam;
180 1981 259 2043 quos
273 1962 402 2025 Marcelli
417 1981 501 2025 mora
515 1964 681 2037 destitutos,
704 1965 773 2043 quia
791 1964 826 2025 ad
842 1966 1024 2044 praedictum
1041 1977 1160 2047 tempus

88 2050 249 2110 exercitum
264 2048 299 2108 ad
315 2048 475 2129 Syracusas
496 2067 558 2111 non
576 2048 764 2125 admouisset,
787 2049 896 2110 indicio
911 2050 988 2111 laeto
1003 2051 1100 2114 omnis
1122 2051 1159 2113 ab

87 2135 219 2213 tyrannis
233 2134 416 2196 interiectos.
451 2153 516 2196 eam
531 2153 651 2216 quoque
663 2135 852 2216 Hippocratis
867 2144 896 2196 et
906 2134 1044 2217 Epicydis
1057 2145 1160 2218 tyran·
1181 2143 1197 2194 4

88 2221 182 2281 uidem
199 2217 372 2281 Marcellum
392 2220 535 2282 excitasse
548 2219 703 2282 Leontinis
725 2219 885 2281 crudeliter
901 2219 1032 2300 direptis.
1071 2240 1158 2282 num·
1181 2229 1196 2278 t

88 2323 170 2383 quam
195 2303 306 2366 deinde
336 2305 488 2385 principes
509 2305 764 2385 Syracusanorum
791 2305 899 2366 desisse
928 2305 963 2366 ad
986 2304 1156 2368 Marcellum

44 2395 69 2445 ta
87 2391 210 2452 transire
234 2389 429 2470 pollicerique
449 2409 482 2452 se
506 2389 620 2466 urbem,
642 2408 712 2451 cum
733 2390 836 2462 uellet,
859 2389 886 2450 ei
908 2390 1083 2466 tradituros;
1105 2391 1157 2453 sed

89 2493 153 2536 eum
167 2475 268 2556 pn'mo
283 2475 313 2536 ni
328 2493 435 2555 capere
449 2474 604 2550 maluisse;
626 2475 705 2549 dein,
727 2493 794 2537 cum
811 2474 839 2536 id
856 2492 953 2554 neque
968 2482 1046 2536 terra
1061 2494 1158 2556 neque
1178 2483 1194 2532 o

88 2564 157 2623 mari
179 2560 282 2622 omnia
302 2570 443 2640 expertus
465 2561 619 2640 potuisset,
643 2572 781 2622 auctores
802 2559 973 2621 traditarum
997 2560 1155 2641 Syracusa-

87 2663 150 2708 rum
164 2646 284 2708 labrum
298 2647 445 2707 aerarium
460 2645 557 2707 Sosim
572 2654 602 2707 et
617 2645 777 2707 lloericum
790 2644 954 2725 Hispanum
971 2664 1058 2725 quam
1073 2646 1157 2728 prin-

88 2729 164 2811 cipes
178 2731 435 2813 Syracusanorum
458 2730 578 2804 habere,
600 2731 711 2792 totiens
733 2730 761 2792 id
784 2730 965 2810 nequiquam
989 2731 1067 2791 ultro
1083 2731 1156 2793 olle·

42 2821 67 2872 tt
85 2817 183 2890 nentis,
205 2825 408 2896 praeoptasse,
431 2834 491 2896 quo
506 2815 620 2877 scilicet
640 2815 763 2876 iustiore
786 2816 821 2878 de
838 2833 924 2877 causa
941 2815 1157 2878 uetatstissimos

86 2901 177 2963 socios
199 2901 305 2982 populi
327 2901 451 2962 Romani
482 2901 641 2962 trucidaret
666 2918 700 2961 ac
724 2900 873 2982 diriperet.
918 2901 943 2962 si
966 2921 1026 2962 non
1049 2900 1156 2964 Hiero·
1179 2911 1194 2960 't

86 3003 188 3064 nymus
214 2986 252 3048 ad
276 2985 471 3048 Hannibalem
493 2986 658 3060 deiecisset,
681 2985 732 3046 sed
755 2986 884 3067 populus
903 2985 1106 3066 Syracusanus
1128 2999 1157 3048 et

85 3082 211 3148 senatus,
234 3071 261 3133 si
275 3080 376 3151 portas
391 3070 529 3133 Marcello
545 3071 722 3152 Syracusani
737 3071 855 3152 publice
878 3079 908 3132 et
930 3089 991 3132 non
1007 3073 1157 3151 oppressis

149 3241 160 3289 1
180 3237 291 3304 contege
310 3237 379 3302 1²12
396 3235 543 3306 depraelcari
561 3236 633 3303 Ρ13
651 3243 746 3288 sortem
766 3235 800 3287 1³¹
819 3241 915 3288 sortunr
928 3236 959 3288 1²¹
972 3237 982 3304 ΙΙ
996 3237 1103 3303 conlege
1115 3236 1156 3306 ΡΙ

85 3301 133 3356 dati
151 3305 234 3358 Gron.
254 3305 315 3357 dere
333 3306 404 3372 Pyd
421 3306 537 3372 iniquum
556 3303 591 3357 Ρ·
602 3305 697 3356 inicum
712 3311 781 3357 extra
795 3311 891 3357 sortem
904 3304 1012 3372 conlege
1025 3307 1155 3372 optionem

85 3370 133 3423 dari
154 3373 305 3441 prouinciae
328 3372 443 3441 iniquom
465 3373 497 3424 Ρ*
512 3374 552 3439 ld
571 3371 728 3425 decreuisset
751 3371 786 3424 Ρ
797 3373 835 3440 l⁹
854 3372 961 3425 aduersu
984 3375 1069 3424 omnia
1087 3371 1154 3425 haud

85 3438 200 3494 moereas
225 3440 358 3493 Etruscus
374 3441 498 3493 aduersae
514 3443 537 3493 Ρ
552 3446 592 3493 tot
610 3441 731 3493 aduersas
748 3441 876 3493 secundae
894 3439 1048 3502 Alschefski
1065 3440 1154 3493 aduer-

85 3508 194 3563 sissimas
211 3507 343 3562 secundae
361 3509 549 3562 Weissenborn
561 3507 756 3562 aduersissimas
767 3511 877 3575 (pugnas
889 3509 950 3560 add.
964 3509 993 3561 H.
1001 3509 1025 3561 J.
1032 3508 1153 3573 Mueller)

85 3573 147 3628 hand
163 3577 289 3630 aduersae
307 3577 418 3643 Madvig
434 3577 542 3629 adrem
561 3575 690 3629 secundae
708 3577 789 3628 Her-ts
807 3575 913 3629 aduersa
927 3577 1012 3628 omnis
1025 3577 1153 3631 secundae

85 3643 166 3700 liam.
182 3644 318 3712 Mueller!
332 3648 363 3698 ld
381 3645 430 3698 hac
447 3652 536 3714 postea
556 3644 597 3713 ΡΙ
612 3648 643 3698 15
661 3644 788 3712 epyciden
807 3644 850 3711 ΡΙΙ
863 3650 994 3714 tyramnos
1012 3645 1053 3706 Pl
1069 3649 1100 3700 ld
1117 3645 1156 3698 in-

84 3711 150 3765 nisns
160 3714 202 3781 ΡΙ
216 3717 248 3767 t'l
262 3728 343 3782 prope
355 3718 375 3779 ς
386 3727 433 3780 pro
446 3713 487 3781 ΡΙ
501 3715 532 3767 ts
545 3711 571 3764 lai
627 3715 772 3782 cratisquae
785 3712 828 3782 Pl
842 3717 872 3768 19
885 3727 934 3764 cxx
946 3714 975 3776 P,
987 3713 1034 3765 rad
1042 3713 1156 3780 25‚23,6

84 3781 184 3903 3311,ss
196 3783 259 3902 l²⁸²⁰
276 3781 392 3835 marcelli
415 3782 456 3847 1²¹,
479 3797 549 3834 corr.
617 3780 678 3848 112
696 3782 859 3850 hippocrates
877 3781 926 3848 Pl
946 3783 978 3834 24
1001 3781 1098 3834 desisse
1121 3799 1156 3832 σω

173 3947 190 3963 κ
965 3916 1002 3970 ³*
