2734 4250
209 153 249 212 46
606 152 700 206 LIBER
717 153 782 221 lllll,
800 157 840 208 48.
853 158 886 208 49
1155 181 1177 214 a.
1188 181 1211 215 u.
1221 173 1281 214 nott

171 338 186 387 5
208 327 311 390 altiora
333 328 477 408 coHisque
491 327 694 406 impeditiores
709 326 802 406 equiti
823 335 918 388 castra
940 335 1049 388 mouet.
1086 327 1187 388 minus
1200 347 1283 407 quam

210 414 244 474 ad
262 412 397 475 Ticinum
413 413 532 495 lelellit3
552 412 709 490 missisque
725 411 873 473 Hannibal
887 412 1018 491 primum
1032 412 1167 474 Numidis
1182 413 1284 474 deinde

210 498 291 559 omni
314 501 446 577 equitatu
461 496 608 558 turbasset
623 498 726 576 utique
742 497 939 558 nouissimum
958 515 1074 577 agmen,
1097 498 1128 558 ni
1148 498 1285 558 auiditate

172 583 336 663 opraedae
364 584 394 645 in
425 600 519 644 uacua
540 581 674 642 Romana
703 591 799 643 castra
821 582 965 642 Numidae
995 581 1203 644 deuertissent.
1248 581 1285 643 ibi

210 669 281 730 dum
297 676 519 748 perscrutantes
534 667 598 728 loca
615 667 714 729 omnia
725 677 889 728 castrorum
905 665 987 727 nullo
1002 667 1072 728 satis
1083 667 1174 745 digno
1188 685 1285 728 morae
1302 676 1314 724 5

210 753 306 833 pretio
329 762 447 834 tempus
468 759 578 826 terunt,
603 752 729 814 emissus
750 752 845 814 bostis
866 762 911 814 est
932 751 969 813 de
991 751 1145 824 manibus;
1169 762 1199 813 et
1222 771 1285 814 cum

209 839 266 898 iam
290 848 491 918 transgressos
506 836 644 898 Trebiam
659 835 809 898 Romanos
831 839 1029 917 metantisque
1045 846 1139 898 castra
1161 856 1286 917 conspe·

211 923 330 996 xissent,
354 941 464 1002 paucos
480 930 662 983 moratorum
685 922 859 984 occiderunt
874 923 948 983 citra
963 922 1073 983 flumen
1097 921 1287 1002 interceptos.

172 1017 187 1066 t
209 1007 319 1087 Scipio,
343 1027 399 1069 nec
423 1007 608 1069 uexationem
625 1007 759 1068 uulneris
781 1008 812 1067 in
831 1008 879 1068 uia
901 1006 999 1068 iactati
1020 1006 1097 1067 ultra
1113 1002 1238 1085 ¹patiens
1259 1017 1286 1067 et

210 1093 354 1171 collegam
370 1127 411 1138 —
427 1093 485 1154 iam
500 1092 580 1152 enim
603 1099 632 1151 et
647 1101 818 1153 reuocatum
841 1111 878 1153 ex
894 1092 990 1154 Sicilia
1005 1091 1139 1152 audierat
1155 1125 1193 1135 -
1211 1102 1288 1153 ratus
1305 1099 1328 1149 tt

211 1179 451 1257 exspectandum,
474 1178 581 1250 locum,
604 1176 656 1255 qui
678 1195 772 1257 prope
791 1178 900 1238 llumen
925 1176 1087 1238 tutissimus
1108 1177 1226 1239 statiuis
1247 1187 1289 1239 est

173 1271 188 1321 8
211 1263 308 1336 uisus,
337 1263 485 1324 delectum
508 1261 693 1322 communiit.
738 1280 794 1323 nec
822 1262 928 1342 procul
955 1262 1024 1322 inde
1047 1260 1197 1322 Hannibal
1221 1281 1287 1324 cum

211 1348 406 1421 consedisset,
436 1356 581 1426 quantum
605 1345 730 1408 uictoria
752 1348 882 1426 equestri
904 1347 1015 1420 elatus,
1045 1354 1160 1407 tantum
1183 1348 1289 1409 anxius

210 1433 327 1512 inopia,
357 1452 433 1512 quae
454 1451 508 1513 per
530 1431 660 1492 bostium
683 1448 770 1511 agros
793 1440 912 1494 euntem
936 1449 1083 1510 nusquam
1105 1433 1289 1512 praeparatis

173 1517 423 1580 9commeatibus
452 1517 544 1578 maior
565 1516 597 1577 in
629 1515 691 1578 dies
714 1516 893 1597 excipiebat,
925 1518 961 1578 ad
983 1516 1155 1578 Clastidium
1178 1518 1289 1591 uicum,
1308 1523 1330 1572 tt

210 1622 270 1682 quo
293 1620 434 1681 magnum
457 1601 599 1662 frumenti
622 1619 780 1663 numerum
801 1611 1014 1682 congesserant
1028 1601 1167 1674 Romani,
1190 1603 1289 1664 mittit.

210 1687 251 1749 ibi
274 1706 343 1748 cum
366 1687 426 1747 uim
449 1695 596 1765 pararent,
619 1704 689 1766 spos
710 1687 785 1748 lacta
800 1687 976 1767 proditionis
983 1704 992 1759 ;
1016 1705 1072 1747 nec
1085 1705 1157 1747 sane
1179 1706 1289 1767 magno

210 1772 316 1851 pretio,
333 1771 461 1832 nummis
477 1771 573 1832 aureis
588 1771 822 1852 quadringentis,
837 1771 923 1833 Dasio
940 1771 1122 1833 Brundisino
1136 1773 1290 1852 praelecto

210 1856 338 1937 praesidi
361 1865 502 1935 corrupto
532 1855 658 1916 traditur
680 1855 839 1918 Hannibali
862 1856 1042 1919 Clastidium.
1087 1856 1117 1917 id
1146 1858 1289 1919 borreum

159 1951 189 2000 to
209 1941 265 2002 luit
280 1941 388 2002 Poenis
403 1941 575 2003 sedentibus
596 1939 632 2002 ad
647 1940 793 2002 Trebiam.
832 1942 862 2002 in
879 1942 1012 2022 captiuos
1027 1960 1062 2002 ex
1078 1942 1186 2003 tradito
1203 1961 1291 2023 prae·
1311 1947 1336 1997 tu

211 2026 296 2098 sidio,
319 2035 353 2086 ut
373 2027 449 2086 lama
464 2027 638 2088 clementiae
660 2026 691 2086 in
709 2027 856 2107 principio
875 2044 975 2088 rerum
991 2026 1192 2105 colligeretur,
1217 2027 1291 2089 nihil

210 2111 355 2174 saeuitum
378 2120 430 2173 est.

159 2199 197 2256 49
297 2196 370 2259 Cum
386 2198 421 2258 ad
437 2195 573 2257 Trebiam
588 2203 729 2257 terrestre
744 2196 924 2258 constitisset
939 2196 1059 2271 bellum,
1074 2197 1196 2258 interim
1212 2199 1292 2259 circa

211 2281 340 2343 Siciliam
363 2282 533 2362 insulasque
549 2280 646 2342 ltaliae
669 2280 859 2342 imminentes
881 2289 911 2342 et
932 2281 1141 2362 asempronio
1165 2283 1293 2345 consule

174 2375 188 2425 2
210 2378 239 2429 et
260 2378 329 2429 ante
352 2368 512 2429 aduentum
530 2366 593 2427 eius
616 2375 694 2427 terra
713 2365 847 2445 marique
863 2382 910 2426 res
931 2373 1039 2443 gestae.
1077 2367 1186 2446 uiginti
1203 2369 1294 2447 quin·
1315 2376 1339 2425 ra

210 2470 367 2531 queremes
390 2471 456 2513 oum
480 2451 559 2512 mille
582 2451 701 2512 armatis
723 2451 757 2511 ad
780 2449 1017 2531 depopulandam
1043 2470 1127 2512 oram
1149 2450 1255 2514 ltaliae
1277 2472 1293 2512 a

210 2535 501 2616 Carthaginiensibus
517 2536 637 2611 missae;
660 2554 771 2596 nouem
786 2534 916 2614 Liparae,
939 2545 1007 2596 octo
1025 2536 1061 2596 ad
1076 2536 1205 2598 insulam
1221 2537 1295 2599 Vul-

172 2632 187 2681 3
209 2623 276 2683 cani
290 2630 463 2694 tenuerunt,
479 2630 540 2682 tres
554 2621 584 2680 in
602 2622 709 2682 lretum
726 2620 833 2681 auertit
847 2630 954 2681 aestus.
993 2621 1027 2681 ad
1047 2639 1097 2682 eas
1111 2632 1295 2701 conspectas

210 2707 381 2767 aHessana
410 2705 564 2767 duodecim
595 2723 688 2767 naues
716 2705 753 2766 ab
782 2704 912 2766 Hierone
939 2722 1010 2783 rege
1032 2705 1295 2785 Syracusanorum

210 2792 325 2863 missae,
349 2790 398 2869 qui
421 2800 484 2851 tum
506 2791 582 2851 lorte
605 2790 757 2851 Messanae
779 2800 843 2851 erat
868 2790 1021 2851 consulem
1043 2789 1213 2853 Romanum
1237 2812 1296 2872 op·
1316 2799 1362 2860 aur

210 2876 345 2956 periens,
377 2874 459 2936 nullo
481 2884 668 2955 repugnante
689 2884 790 2955 captas
813 2893 905 2937 naues
927 2874 1089 2936 Messanam
1113 2876 1143 2937 in
1167 2886 1296 2956 portum
1361 2873 1363 2906 *

172 2971 188 3021 4
209 2960 406 3023 deduxerunt.
444 2961 595 3039 cognitum
611 2977 647 3019 ex
669 2962 794 3040 captiuis
809 2968 927 3039 praeter
947 2960 1053 3039 uiginti
1078 2978 1179 3034 naues,
1203 2963 1298 3023 cuius

210 3045 267 3125 ipsi
290 3045 391 3107 elassis
413 3053 528 3118 essent,
552 3045 583 3106 in
605 3044 717 3105 ltaliam
740 3045 844 3107 missas
866 3046 999 3124 quinque
1021 3054 1051 3105 et
1072 3045 1195 3125 triginta
1218 3046 1299 3109 alias
1361 3057 1362 3060 ’

211 3130 441 3210 quinqueremes
464 3129 591 3192 Siciliam
619 3136 721 3210 petere
743 3131 778 3192 ad
806 3129 1008 3191 sollicitandos
1033 3139 1149 3192 ueteres
1172 3132 1297 3207 soeios;

172 3226 187 3275 5
208 3215 338 3296 Lilybaei
354 3216 518 3296 occupandi
534 3215 723 3295 praecipuam
738 3233 840 3278 curam
856 3233 936 3288 esse;
959 3214 1080 3278 credere
1093 3216 1198 3277 eadem
1213 3225 1299 3279 tem·
1320 3223 1349 3271 33

297 3420 310 3471 1
335 3417 460 3483 collisque
481 3414 632 3477 Abebefolri
661 3416 792 3482 collesque
812 3416 891 3468 Vallo
924 3416 1022 3483 colusq.
1040 3416 1072 3467 P¹
1101 3416 1201 3483 locusq.
1220 3418 1263 3468 P²
1289 3419 1300 3479 ll

209 3485 384 3551 impeditiores
406 3503 441 3536 eo
467 3484 623 3536 ineditiores
648 3484 680 3533 P¹
699 3485 709 3552 ΙΙ
726 3484 806 3550 equiti
827 3490 847 3549 ς
868 3484 948 3536 Vallo
976 3486 1077 3551 equites
1094 3483 1142 3549 ΡΙΙ
1160 3486 1176 3534 2
1194 3487 1221 3536 at
1244 3488 1300 3554 Pl

210 3553 314 3605 ticinum
332 3552 366 3604 P’
393 3553 482 3605 tinium
501 3552 533 3602 P¹
550 3552 593 3619 {ll
615 3551 709 3618 praede
726 3551 775 3618 ΡΙΙ
794 3556 810 3604 6
827 3552 927 3618 praetio
945 3551 1016 3620 Ppc
1034 3552 1119 3604 iactati
1138 3552 1301 3606 Douiatt'nc

210 3620 314 3671 iactanti
333 3619 381 3685 Pss
401 3622 431 3672 12
449 3620 570 3671 dilectum
588 3621 612 3669 P
625 3619 635 3685 ΙΙ
656 3622 685 3671 13
705 3621 833 3685 equaestri
852 3621 895 3684 Pl
914 3624 944 3673 15
963 3619 1178 3685 diessercipiebat
1196 3621 1245 3688 PT
1264 3625 1299 3677 18

210 3686 307 3752 praetio
325 3688 349 3736 P
365 3688 374 3749 ΙΙ
393 3685 464 3738 dasio
485 3686 565 3738 Gron.
590 3685 725 3738 dasiroP¹
750 3686 802 3738 dati
822 3703 868 3751 pro
887 3688 921 3738 Ρι
940 3689 996 3754 120
1016 3688 1117 3740 tribiam
1135 3688 1176 3754 Pl!
1190 3690 1225 3740 23
1250 3691 1304 3743 tri·

211 3754 278 3805 uiam
295 3752 338 3817 Pll
352 3755 382 3804 27
403 3753 505 3819 liparias
524 3754 565 3818 ΡΗ
578 3752 610 3804 ad
629 3769 679 3804 om.
699 3759 720 3815 ς
729 3753 740 3818 ΙΙ
753 3754 850 3806 insulas
868 3753 954 3873 ςιιῖθ
973 3756 1097 3819 αυεηίῖς
1121 3754 1238 3809 aduertit
1253 3760 1282 3811 P
1292 3762 1302 3825 ζΙ

211 3824 243 3874 29
263 3820 294 3872 ab
314 3819 347 3871 P²
372 3820 404 3872 ad
423 3821 453 3869 P¹
468 3819 477 3886 ΙΙ
491 3824 523 3872 30
541 3821 660 3886 operiens
680 3820 719 3887 Pl
734 3824 765 3874 35
783 3821 872 3889 lylibei
930 3824 939 3888 ΙΙ
958 3826 1110 3890 tempestate
1127 3821 1163 3873 P²
1190 3829 1303 3894 tempe-
