2734 4250
550 126 737 181 PRAEFATIO
1148 130 1192 183 Vll

103 299 362 381 adsumpserunt..
394 298 506 371 Quodsi
529 299 679 381 Spirensis
702 308 767 375 aut,
798 298 849 362 ubi
872 300 896 362 is
918 300 1090 380 ignoratur,
1114 302 1191 365 llar-

106 402 226 465 leianus
252 420 345 482 praua
374 403 512 475 tradunt,
545 403 766 465 Laurentianus
795 404 843 463 uel
870 405 913 464 El
943 422 1012 465 uera
1047 404 1095 465 uel
1124 404 1190 466 ueri

104 505 234 576 similia,
264 504 467 586 compluriens
495 505 665 567 discernere
694 522 840 583 nequeas,
873 504 1118 568 aberrauerintne
1147 504 1189 567 illi

105 624 124 665 a
152 617 236 668 recta
264 607 376 669 codicis
397 606 436 671 Σ1
463 618 514 669 aut
535 609 578 670 2²
598 607 763 687 scriptura,
790 625 877 685 quam
900 606 1118 669 Laurentianus
1140 607 1190 668 uel

105 712 151 771 Σ*
174 710 367 772 seruauerint
387 711 543 789 integram,
564 728 602 770 au
625 709 812 770 correxerint
833 708 863 769 hi
886 726 1004 773 errores
1026 710 1057 771 in
1079 707 1118 773 >5¹
1138 716 1190 771 aut

105 812 151 873 5²
172 812 350 875 commissos
377 823 407 875 et
433 832 450 875 a
472 810 606 893 Spirensi
636 819 688 871 aut
717 809 873 871 llarleiano
902 810 1027 873 fideliter
1055 810 1188 873 traditos.

108 912 263 977 Eiusmodi
286 915 358 977 locis
380 933 445 976 eam
467 915 613 976 rationem
635 924 756 975 secutus
778 932 853 987 sum,
878 922 912 975 ut
932 913 1063 993 singulas
1084 911 1188 991 singu-

108 1014 207 1077 lorum
238 1017 373 1079 codicum
402 1017 545 1079 lectiones
572 1032 730 1096 peruersas
758 1025 809 1077 aut
830 1026 911 1077 certe
935 1035 994 1079 non
1020 1014 1189 1094 probabiles

106 1116 228 1177 silentio
251 1120 533 1196 praetermitterem:
557 1136 613 1178 nec
635 1117 715 1178 enim
738 1114 880 1178 attinebat
902 1118 1084 1187 exscribere,
1107 1116 1187 1195 quod

108 1217 222 1279 nullam
245 1220 369 1281 omnino
391 1218 521 1281 adferret
549 1219 720 1293 utilitatem
749 1217 801 1278 ubi
828 1226 925 1279 autem
954 1234 1188 1281 commemorare

106 1336 157 1381 eas
186 1329 242 1381 ant
270 1340 391 1383 necesse
419 1330 470 1383 aut
496 1329 598 1401 aptum
627 1330 705 1395 erat,
735 1318 845 1381 adiecta
876 1329 946 1381 nota
972 1319 1186 1382 dubitationem

106 1420 293 1501 significem,
324 1423 407 1485 uelut
427 1424 463 1484 ad
485 1442 515 1502 p.
534 1425 622 1496 90,5
645 1433 674 1485 ct
698 1426 750 1497 91,
768 1426 817 1489 19.
862 1422 925 1485 lloc
954 1441 1014 1485 non
1037 1421 1132 1485 solum
1155 1420 1186 1481 in

106 1520 146 1583 ΣΙ
174 1533 207 1583 et
230 1526 273 1586 >2²
294 1524 387 1599 cadit,
414 1526 465 1587 sed
493 1525 581 1585 etiam
609 1524 639 1585 in
662 1528 707 1587 2³
727 1534 816 1603 atque
845 1526 916 1587 adeo
944 1524 975 1585 in
998 1527 1050 1596 2⁴,
1073 1520 1187 1603 quiaV

106 1626 177 1686 etli
200 1644 324 1705 qunque
345 1626 422 1687 haud
445 1644 513 1687 raro
535 1626 574 1686 ita
596 1624 676 1687 inter
697 1644 729 1687 se
751 1626 916 1699 discedunt,
939 1637 980 1701 ut,
1003 1625 1073 1705 quid
1096 1626 1125 1687 in
1145 1627 1187 1689 2⁴

105 1726 207 1799 luerit,
231 1727 392 1789 diiudicare
414 1747 476 1789 non
498 1727 594 1788 liceat.

196 1828 451 1909 orthographicas
476 1828 611 1891 codicum
634 1826 674 1891 >3¹
702 1837 757 1891 cet.
781 1848 797 1891 a
819 1830 952 1893 Puteano
978 1829 1189 1910 discrepantias

105 1938 170 1991 tum
200 1940 317 1994 tantum
348 1931 596 2003 commemoraui,
629 1931 655 1993 si
683 1931 714 1991 in
745 1942 917 1996 contextum
949 1933 1110 1995 uerborum
1138 1950 1188 2001 eas

106 2032 227 2112 recepi;
249 2042 364 2095 ceteras
386 2032 570 2114 praetermisi
592 2050 705 2107 omnes,
730 2051 790 2095 non
813 2034 909 2095 solum
927 2046 1045 2114 apertos
1059 2051 1188 2107 errores,

110 2137 242 2196 maxime
259 2137 288 2198 ia
305 2137 478 2198 nominihus
492 2135 632 2216 propriis,
648 2143 682 2197 ut
695 2135 837 2207 tollerare,
849 2137 1056 2218 Appolliaarsa
1067 2139 1188 2208 Aretiui,

108 2236 228 2308 Baetim
255 2239 306 2300 sed
335 2257 386 2300 eas
408 2255 545 2318 quoque,
571 2256 662 2317 quae,
693 2256 760 2300 cum
783 2237 864 2317 ipsae
888 2256 949 2300 nou
972 2239 1033 2300 sint
1054 2238 1189 2311 uitiosae,

107 2345 208 2400 umen
245 2359 306 2402 nou
341 2349 495 2420 praestent
524 2339 697 2404 Puteaneist
728 2339 893 2422 plurimum
920 2356 975 2419 pro
1006 2339 1188 2421 plurumum,

107 2445 307 2513 maritimam,
331 2446 466 2506 mamae
487 2442 563 2516 sim..
591 2443 682 2506 libem
704 2461 759 2522 pro
781 2441 888 2512 ludens,
911 2441 1007 2514 libido,
1029 2449 1190 2522 sequuntur

109 2559 164 2621 pro
185 2553 341 2616 sectamur,
363 2546 488 2624 prioridie
509 2546 641 2622 (cotidie),
662 2543 822 2606 uulnerum
844 2543 1031 2620 (uoluerant),
1056 2542 1187 2604 ualitudo

107 2641 281 2722 (ramata),
305 2645 480 2725 preleadere
506 2647 681 2730 (prmdere),
711 2651 816 2726 easque·
842 2647 989 2727 (ausaque),
1018 2648 1188 2708 trammiasa

107 2747 288 2824 (tramissa),
311 2765 452 2810 aarum
473 2749 643 2826 (arcessere),
664 2747 815 2810 tleaamm
830 2747 1033 2827 (adsumam),
1055 2745 1190 2828 quiequid

109 2848 283 2929 (quidquid),
296 2854 463 2929 percontari
476 2848 690 2931 (perarmati),
712 2850 845 2914 doarium
859 2849 1046 2928 (bouarium),
1067 2867 1190 2929 marto-

105 2968 175 3029 pers
196 2957 317 3030 (mapsa
332 2955 436 3031 opere),
457 2951 590 3014 Baleares
608 2952 773 3030 (Baliares),
795 2953 839 3014 dii
859 2954 902 3030 (di
920 2952 968 3014 uel
984 2953 1050 3026 deal,
1071 2951 1115 3014 dis
1135 2953 1148 3027 (
1170 2954 1177 2967 ’

109 3053 157 3116 uel
178 3056 228 3130 iis)
257 3052 340 3128 sim.;
369 3053 408 3115 ab
437 3055 560 3116 eandem
589 3071 707 3115 causam
737 3055 875 3134 praeterii
897 3053 1134 3135 praepositiones
1155 3054 1187 3116 in

109 3156 283 3237 compositis
297 3156 386 3216 modo
400 3157 436 3216 ad
452 3155 614 3218 uerborum
633 3166 835 3218 consonantes
849 3156 1084 3218 accommodatas
1099 3157 1187 3218 modo

109 3256 139 3318 in
167 3257 326 3338 pristinam
357 3259 482 3319 lormam
511 3258 677 3330 restitutas,
711 3269 744 3320 ut
771 3262 883 3340 asmqrai
909 3277 963 3338 pro
991 3259 1108 3339 adsequi
1138 3267 1189 3322 aut

108 3358 235 3423 madere
256 3378 312 3439 pro
335 3360 479 3440 apsidam
508 3361 640 3438 itemque
661 3359 805 3421 adnotare
827 3359 928 3434 omisi,
955 3360 1006 3420 ubi
1028 3364 1188 3432 aratrorum,

109 3460 308 3532 simulatum,
332 3470 489 3541 pareutum
518 3461 584 3524 sim.
612 3478 668 3541 pro
691 3464 854 3524 ciuitatium
883 3468 938 3522 cet.
961 3460 1106 3540 scriptum
1128 3471 1186 3536 est;

111 3571 140 3623 et
165 3563 197 3624 in
226 3580 326 3624 accus
348 3581 446 3626 omues
467 3580 522 3642 pro
545 3566 654 3633 amuis,
677 3563 789 3644 petales,
811 3573 886 3635 tres,
908 3562 961 3636 al.;
983 3572 1013 3623 et
1035 3563 1065 3625 in
1088 3574 1188 3643 genet.

111 3661 201 3737 rata,
227 3664 346 3728 Claudii
372 3665 437 3726 sim.
465 3683 522 3744 pro
545 3662 626 3736 Fadi,
659 3663 772 3726 Claudi.
818 3663 953 3744 lienique
981 3665 1030 3728 hic
1057 3685 1189 3729 comme·

112 3781 239 3830 morasse
261 3766 371 3829 sufficit
393 3777 530 3828 notarum
554 3767 860 3847 compendiorumque
883 3768 1069 3846 quorundam
1095 3768 1193 3830 iuter·
