2734 4250
167 113 231 173 244
575 111 670 164 LlBER
688 111 765 176 XXV,
783 117 837 166 db
1111 139 1131 171 ι.
1142 130 1246 172 mom

130 299 147 352 2
166 285 286 349 audacia
314 284 557 364 publicanorum:
594 286 633 349 M.
662 284 786 346 Furium
815 284 983 359 Camillum,
1013 285 1099 347 euius
1126 285 1247 346 exilium

167 373 255 434 ruina
276 370 361 432 urbis
376 377 512 432 secutura
529 370 627 445 luerit,
651 370 784 432 damnari
799 389 831 432 se
846 370 883 430 ab
899 370 981 431 iratis
995 369 1113 431 ciuibus
1126 388 1247 450 passum

130 469 145 518 3
167 475 247 532 esse;
270 455 456 518 decemuiros
473 463 541 516 ante
557 473 635 528 eum,
659 473 786 534 quorum
805 454 920 535 legibus
935 455 971 516 ad
986 473 1052 516 eam
1067 455 1145 517 diem
1159 457 1248 518 uiue-

168 550 250 616 rent,
280 542 390 603 multos
411 549 513 620 postea
536 541 690 620 principes
711 540 839 602 ciuitatis
866 540 1008 602 iudicium
1029 541 1067 602 de
1088 559 1121 603 se
1143 541 1247 621 populi

131 638 146 688 t
167 646 285 708 passos:
310 627 494 688 Postumium
516 626 697 706 Pyrgensem
720 626 893 706 sullragium
914 625 1027 706 populo
1044 625 1180 688 Romano
1195 645 1249 688 ex·
1271 637 1288 686 t

168 713 300 786 torsisse,
322 711 481 773 concilium
503 712 599 790 plebis
621 711 784 785 sustulisse,
806 711 945 772 tribunos
966 711 997 772 in
1018 710 1154 772 ordinem
1176 730 1246 773 eoe-

170 797 256 877 gisse,
280 805 384 858 eontra
405 796 549 876 populum
564 797 732 858 Romanum
751 796 843 857 aciem
865 796 1051 870 instruxisse,
1073 797 1172 858 locum
1195 815 1248 858 oc·

170 900 310 962 cupasse‚
339 891 372 943 ut
400 881 537 943 tribunos
566 901 582 943 a
604 881 692 961 plebe
713 882 941 956 intercluderet,
968 881 1066 943 tribus
1086 882 1117 942 in
1139 882 1249 943 subra-

132 968 250 1047 agium
279 967 379 1029 uocari
407 967 587 1047 prohiberet.
634 967 708 1028 nibil
734 966 811 1028 aliud
842 985 857 1027 a
886 967 976 1028 caede
1002 985 1037 1028 ac
1059 966 1249 1029 dimicatione

171 1052 353 1115 continuisse
376 1052 512 1114 homines
527 1052 583 1114 nisi
599 1051 772 1132 patientiam
793 1052 1028 1132 magistratuum,
1050 1053 1130 1131 quod
1152 1071 1251 1115 cesse·
1273 1065 1306 1115 to
1363 1104 1364 1135 ,

170 1139 231 1198 rint
249 1137 464 1218 inpraesentia
486 1138 580 1199 furori
602 1147 691 1216 atque
714 1136 852 1199 audaciae
874 1156 1038 1217 paucorum
1058 1137 1201 1217 uincique
1215 1156 1250 1200 se
1363 1192 1364 1221 ,

134 1234 150 1283 6
171 1240 204 1284 ac
219 1223 363 1302 populum
379 1223 545 1284 Romanum
567 1223 646 1303 passi
662 1223 723 1284 sint
744 1231 775 1284 et
789 1222 916 1296 comitia,
939 1241 1015 1302 quae
1029 1242 1099 1284 reus
1112 1223 1143 1283 ni
1159 1232 1250 1302 atque
1363 1246 1364 1261 ¹

170 1309 260 1370 armis
286 1307 492 1387 prohibiturus
514 1317 590 1383 erat,
618 1327 658 1369 ne
680 1325 768 1369 causa
790 1307 1002 1387 quaerentibus
1030 1307 1249 1371 dimicationem

134 1405 148 1452 t
169 1392 305 1466 daretur,
334 1393 487 1456 uoluntate
508 1393 565 1473 ipsi
587 1411 640 1455 sua
662 1393 847 1454 sustulerint
891 1395 964 1455 baec
986 1412 1054 1455 cum
1075 1393 1113 1455 ab
1136 1394 1249 1474 optimo

172 1497 291 1557 quoque
313 1497 369 1557 pro
391 1479 545 1540 atrocitate
567 1479 611 1539 rei
634 1487 754 1558 accepta
776 1487 891 1552 essent,
914 1480 1035 1558 uimque
1057 1497 1121 1540 eam
1144 1488 1251 1542 contra
1275 1491 1309 1542 15
1363 1456 1364 1539 l

171 1582 234 1624 rem
256 1563 403 1643 publicam
424 1572 454 1624 et
467 1563 637 1644 pernicioso
660 1563 795 1644 exemplo
819 1564 923 1625 iactam
946 1574 1067 1626 senatus
1088 1565 1249 1637 decresset.

133 1659 148 1710 8
171 1648 327 1710 confestim
351 1647 470 1709 Caruilii
493 1647 604 1710 tribuni
627 1648 724 1728 plebis
752 1649 860 1711 omissa
886 1649 997 1711 multae
1019 1649 1183 1711 certatione
1204 1651 1251 1711 rei

172 1732 304 1812 capitalis
326 1733 403 1794 diem
426 1734 578 1795 Postumio
608 1734 748 1795 dixerunt
770 1752 819 1808 ac,
850 1735 881 1795 ni
902 1735 994 1797 uades
1014 1734 1115 1808 daret,
1142 1735 1252 1815 prendi

172 1837 189 1879 a
204 1818 319 1879 uiatore
340 1826 429 1897 atque
444 1818 474 1880 in
491 1837 641 1880 carcerem
658 1819 726 1881 duci
741 1819 904 1881 iusserunt.
940 1820 1111 1882 Postumius
1124 1820 1252 1882 uadibus

134 1903 246 1964 edatis
275 1922 336 1964 non
367 1904 469 1965 adsuit.
520 1904 633 1966 tribuni
661 1904 779 1983 plebem
810 1915 993 1985 rogauerunt
1020 1905 1183 1986 plebesque
1210 1906 1253 1967 ita
1275 1917 1311 1969 ³)

171 1988 267 2062 sciuit,
290 1988 314 2050 si
330 1988 367 2050 ll.
383 1989 551 2051 Postumius
573 1998 641 2051 ante
655 1990 713 2050 kal.
729 1989 818 2052 blaias
836 2009 897 2052 non
913 1991 1062 2071 prodisset
1081 1991 1251 2070 citatusque

173 2092 209 2135 eo
223 2073 271 2136 die
289 2092 350 2136 non
374 2075 577 2156 respondisset
600 2092 698 2156 neque
720 2082 877 2139 excusatus
900 2085 987 2151 esset,
1008 2076 1103 2139 uideri
1126 2094 1194 2139 eum
1216 2077 1250 2139 in

173 2160 260 2221 exilio
276 2179 349 2234 esse,
372 2160 510 2240 bonaque
525 2162 589 2223 eius
604 2162 719 2237 uenire,
737 2162 793 2241 ipsi
810 2180 885 2241 aqua
901 2172 931 2224 et
945 2163 1007 2242 igni
1021 2162 1140 2242 placere
1154 2162 1251 2224 inter·

122 2257 150 2309 10
171 2245 238 2306 dici.
282 2246 407 2325 singulis
428 2246 536 2308 deinde
558 2264 673 2316 eorum,
696 2247 746 2326 qui
769 2247 875 2310 turbae
898 2267 932 2310 ac
950 2248 1096 2310 tumultus
1117 2249 1251 2309 concita·

173 2340 252 2393 tores
274 2332 404 2406 fuerant,
426 2332 470 2393 rei
493 2331 624 2412 capitalis
646 2332 725 2394 diem
747 2331 846 2394 dicere
867 2352 903 2395 ac
924 2333 1015 2396 uades
1034 2351 1159 2413 poscere
1180 2352 1253 2395 coe-
1275 2346 1310 2395 25

122 2426 149 2479 11
171 2425 290 2497 perunt
328 2416 424 2496 primo
442 2436 503 2478 non
520 2418 625 2491 dantis,
648 2417 756 2479 deinde
771 2419 859 2479 etiam
874 2438 935 2495 eos,
958 2419 1009 2498 qui
1025 2418 1094 2480 dare
1116 2430 1252 2497 possent,

173 2502 203 2563 in
226 2520 376 2563 carcerem
400 2502 580 2579 coiciebant;
603 2502 689 2565 cuius
710 2503 754 2564 rei
776 2504 942 2583 periculum
964 2504 1093 2567 uitantes
1114 2504 1253 2583 plerique

173 2588 204 2648 in
227 2586 346 2648 exilium
368 2586 515 2648 abierunt.

136 2679 155 2734 b
259 2672 346 2732 Hunc
368 2672 449 2735 fraus
464 2672 703 2753 publicanorum,
726 2673 834 2735 deinde
857 2672 989 2735 fraudem
1005 2673 1126 2735 audacia
1147 2682 1251 2753 prote-

136 2769 151 2818 2
172 2774 246 2835 gens
268 2757 378 2818 exitum
406 2756 518 2819 habuit.
562 2758 680 2821 comitia
702 2758 773 2820 inde
794 2759 940 2839 pontudei
966 2759 1093 2820 maximo
1121 2760 1253 2820 creando
1275 2770 1311 2822 ao

174 2848 245 2902 sunt
266 2840 375 2902 habita.
412 2860 445 2904 ea
468 2844 587 2905 comitia
609 2863 708 2906 nouus
729 2845 865 2925 pontifex
879 2844 917 2905 bl.
934 2843 1090 2907 Cornelius
1104 2844 1254 2923 Cethegus

136 2937 151 2986 e
173 2925 284 2986 babuit.
328 2934 390 2988 tres
411 2927 524 3008 ingenti
547 2929 711 2991 certamine
730 2929 897 3010 petierunt,
925 2929 961 3001 Q.
983 2929 1107 2991 Fuluius
1128 2929 1254 2992 Flaccus

175 3010 290 3086 consul,
313 3010 364 3090 qui
387 3021 417 3073 et
438 3023 507 3075 ante
529 3014 575 3076 bis
597 3015 704 3077 consul
726 3024 754 3075 et
776 3033 885 3077 censor
906 3015 1012 3091 luerat,
1032 3024 1062 3075 et
1075 3015 1109 3076 Τ.
1124 3014 1253 3078 blanlius

174 3096 352 3176 Torquatus,
374 3106 404 3158 et
422 3098 485 3178 ipse
508 3100 624 3163 duobus
645 3100 849 3163 consulatibus
871 3110 901 3163 et
915 3118 1041 3162 censura
1064 3099 1198 3179 insignis,
1222 3110 1254 3162 et

174 3181 206 3242 P.
229 3182 361 3245 Licinius
390 3184 526 3261 Crassus,
556 3186 606 3265 qui
635 3186 811 3248 aedilitatem
840 3185 974 3248 curulem
1003 3185 1151 3267 petiturus
1180 3196 1253 3247 erat.
1277 3198 1315 3248 ³5

174 3286 378 3296 -ψ-

260 3321 275 3371 2
293 3322 411 3371 secutura
428 3317 581 3380 Alschefski
606 3334 696 3373 seenra
714 3318 761 3387 ΡΙ
780 3319 813 3370 ab
830 3319 902 3371 iratis
920 3322 940 3384 ς
966 3318 1095 3371 arbitratis
1112 3318 1137 3369 P
1152 3316 1189 3386 lb
1207 3333 1254 3370 ex·

174 3386 292 3439 torsisset
308 3386 379 3453 Pflss
400 3387 548 3440 sustulisset
566 3390 589 3441 P
605 3387 643 3455 117
660 3388 799 3440 intruxisse
816 3387 887 3454 Ple
905 3387 1102 3440 intercluderem
1120 3386 1163 3451 P¹,
1181 3402 1254 3442 corr.

174 3452 274 3519 P¹lib
312 3454 398 3508 nodP
421 3455 628 3525 quiGron.ll12
646 3459 708 3521 aeg
734 3454 821 3522 adPll
835 3459 867 3510 14
884 3456 934 3523 ipsi
952 3470 997 3509 sna
1016 3456 1072 3521 (est
1086 3456 1136 3523 ipsi
1158 3454 1255 3506 Duker

173 3520 255 3586 ipsius
273 3470 316 3589 Pb
328 3522 361 3575 ab
379 3526 399 3588 ς
423 3523 456 3575 ad
468 3524 509 3593 Pl
525 3529 556 3577 15
574 3528 679 3591 accepta
693 3524 804 3590 Madvig
829 3528 886 3576 aeta
899 3523 942 3592 Pp
955 3527 987 3578 20
1005 3523 1101 3576 tribuni
1118 3524 1256 3591 pebemg

175 3590 205 3639 tr.
229 3588 265 3653 pl.
289 3589 313 3640 P
373 3596 527 3658 rogauerunt
550 3592 631 3645 Graes
676 3596 813 3659 (rogarunt
834 3592 977 3659 Sigonius)
1018 3592 1170 3645 locauerunt
1195 3590 1256 3659 ΡΙ

175 3658 207 3707 23
226 3670 292 3723 aqna
370 3674 418 3727 que
437 3660 469 3712 P¹
483 3661 539 3727 1124
556 3661 672 3729 singulos
690 3660 733 3729 Pl
745 3662 889 3715 concitores
908 3661 988 3713 Cobet
1002 3661 1099 3713 dinem
1113 3662 1147 3713 10
1158 3660 1254 3725 (1882)

175 3724 227 3844 {dud
238 3724 294 3843 lp²⁹
312 3726 419 3781 andseta
438 3727 480 3795 ΡΙΙ
493 3731 526 3783 32
544 3734 597 3783 tres
615 3733 652 3795 3?
670 3730 751 3782 Valla
777 3744 818 3782 res
836 3729 942 3799 qune
959 3729 1055 3783 inicius
1071 3728 1114 3797 Pl
1127 3732 1161 3783 35
1179 3744 1205 3797 p.
1224 3736 1254 3795 ς,
