2734 4250
86 163 105 194 2,
114 151 166 196 cnr,
174 151 218 194 214
475 133 568 186 LIBER
587 134 681 200 llllllll,
701 139 740 188 ll.
755 138 786 190 18
1101 133 1163 193 203

88 325 153 368 casu
164 307 246 368 Nero
262 306 339 367 diem
354 313 530 384 noctemque
542 307 722 384 nequiquam
740 307 865 386 fatigatis
880 307 963 386 equis
977 307 1164 369 bominibus-

88 411 141 470 que
156 411 196 452 ne
221 391 286 452 uiso
309 391 427 470 quidem
442 392 525 452 boste
548 392 666 452 rediens
689 392 762 452 adeo
777 393 909 471 grauiter
923 401 967 453 est
989 391 1025 452 ab
1041 393 1164 455 consule

88 478 258 556 increpitus
281 487 315 537 ut
336 495 390 556 per
413 495 479 536 eum
501 476 615 538 stetisse
638 477 760 549 diceret,
783 496 842 556 quo
864 478 964 538 minus
985 487 1104 556 accepta
1127 477 1163 537 ad

87 561 200 622 Cannas
216 562 392 622 redderetur
408 561 484 623 hosti
500 562 607 623 clades.
644 571 764 641 postero
788 562 835 622 die
850 561 1003 623 Romanus
1024 561 1054 622 in
1071 563 1163 623 aciem
1184 573 1199 624 o

57 646 252 720 tdeseendit,
276 646 408 720 Poenus,
438 647 524 707 tacita
548 647 634 707 etiam
657 647 845 708 contessione
867 648 980 720 uictus,
1007 647 1110 709 castris
1132 667 1163 708 se

87 732 186 793 tenuit
227 731 316 792 tertio
340 732 386 792 die
409 732 527 792 silentio
550 731 647 794 noctis
674 733 781 793 omissa
803 751 856 811 spe
878 733 970 794 Nolae
991 733 1162 811 potiundae,

87 817 125 877 rei
141 835 305 896 numquam
322 835 464 895 prospere
479 825 646 897 temptatae,
670 817 831 878 Tarentum
854 816 889 878 ad
905 818 1064 879 certiorem
1079 836 1161 897 spem

87 901 260 980 proditionis
281 901 489 981 proficiscitur.

164 987 229 1048 Neo
243 987 360 1047 minore
376 986 475 1047 animo
491 1005 539 1048 res
553 986 685 1046 Romana
702 986 782 1046 domi
797 1005 886 1064 quam
901 986 1021 1047 militiae
1036 988 1160 1066 gereba·
1178 993 1213 1048 18

48 1078 70 1128 to
87 1081 137 1131 tur.
177 1089 321 1132 censores
343 1072 432 1132 uacui
455 1071 491 1132 ab
515 1089 637 1151 operum
661 1070 855 1132 locandorum
878 1089 949 1132 cura
972 1083 1094 1151 propter
1115 1073 1200 1133 in·t

88 1157 175 1235 opiam
192 1156 291 1218 aerari
314 1157 463 1218 admones
484 1157 638 1217 bominum
658 1156 807 1234 regendos
822 1157 955 1217 animum
970 1157 1163 1217 aduerterunt

87 1243 311 1321 castigandaque
333 1241 414 1316 uitia,
438 1260 523 1320 quae,
546 1241 629 1303 uelut
651 1241 774 1302 diutinis
796 1241 910 1302 morbis
932 1260 1018 1320 aegra
1036 1260 1162 1320 corpora

86 1345 116 1386 er
137 1346 201 1388 sese
224 1328 364 1406 gignunt,
387 1346 423 1387 eo
447 1335 514 1387 nata
536 1326 613 1388 bello
637 1335 731 1387 erant.
768 1329 896 1406 primunt
919 1346 971 1388 eos
985 1327 1162 1401 citauerunt,
1184 1337 1199 1387 1

22 1421 23 1424 ’
87 1413 132 1488 qui
152 1421 220 1491 post
237 1412 427 1473 Cannensem
443 1411 555 1472 cladem
574 1412 755 1473 deserendae
771 1411 869 1473 ltaliae
892 1412 1014 1472 consilia
1037 1413 1162 1489 agitasse

22 1551 23 1558 ,
47 1499 69 1550 tt
85 1496 265 1558 dicebantur.
303 1497 444 1576 princeps
465 1516 569 1558 eorum
586 1497 623 1557 Μ.
637 1497 781 1559 Caecilius
796 1497 930 1558 lletellus
945 1505 1083 1576 quaestor
1098 1506 1162 1557 tunt

22 1607 24 1690 Ι
87 1581 155 1642 lorte
170 1591 243 1644 erat.
272 1582 351 1643 iusso
368 1582 475 1642 deinde
487 1601 523 1642 eo
538 1583 704 1660 ceterisque
720 1583 852 1643 eiusdem
864 1601 959 1643 noxae
972 1583 1030 1642 reis
1044 1601 1162 1643 causam
1183 1594 1198 1644 t

22 1699 24 1748 ξ
87 1665 183 1740 dicere,
200 1685 272 1728 cum
286 1667 407 1746 purgari
425 1667 607 1745 nequissent,
623 1668 859 1747 pronuntiarunt
874 1667 964 1729 uerba
981 1669 1161 1728 orationem-

22 1759 24 1846 1
88 1769 138 1828 que
159 1773 210 1814 eos
233 1753 379 1814 aduersus
394 1771 458 1813 rem
474 1752 622 1832 publicam
641 1752 787 1827 habuisse,
810 1772 870 1831 quo
893 1752 1060 1814 coniuratio
1075 1754 1160 1815 dese·

22 1849 24 1906 t
88 1837 187 1899 rendae
211 1837 313 1899 ltaliae
336 1855 422 1898 causa
445 1839 537 1898 lieret.
581 1837 746 1899 secundnm
776 1856 827 1898 eos
851 1839 930 1898 citati
954 1838 1041 1899 nimis
1065 1839 1161 1899 callidi
1183 1850 1198 1899 5

22 1955 24 2006 ᾗ
50 1923 252 1984 bersoluendi
276 1922 486 1984 iurisiurandi
509 1923 698 2002 interpretes,
721 1921 772 2000 qui
787 1924 972 2003 captiuorum
995 1943 1031 1984 ex
1053 1923 1160 1986 itinere

22 2015 23 2020 ’
89 2008 202 2084 regressi
232 2007 309 2068 clam
332 2007 362 2068 in
386 2018 481 2068 castra
505 2007 678 2069 Hannibalis
706 2008 852 2082 solutum,
883 2009 962 2086 quod
988 2009 1161 2069 iurauerant

88 2092 234 2165 redituros,
258 2091 412 2153 rebantur.
449 2092 496 2154 bis
511 2091 775 2174 superioribusque
791 2093 848 2154 illis
863 2094 930 2173 equi
948 2094 1086 2173 adempti,
1110 2094 1160 2173 qui
1182 2103 1197 2155 6

90 2178 231 2253 publicum
255 2196 365 2257 equom
388 2177 548 2251 habebant,
572 2179 711 2257 tribuque
733 2179 805 2238 moti
828 2179 933 2239 aerarii
955 2197 1060 2239 omnes
1082 2180 1159 2240 lacti.

91 2280 177 2341 neque
199 2272 308 2326 senatu
330 2265 417 2323 modo
440 2272 491 2325 aut
513 2265 642 2343 equestri
665 2263 770 2324 ordine
793 2264 925 2342 regendo
948 2281 1020 2324 cura
1041 2281 1072 2323 se
1088 2282 1160 2325 oen·
1182 2275 1197 2323 t

51 2349 179 2409 2tsomm
201 2349 315 2410 tenuit:
339 2348 460 2408 nomina
483 2349 617 2409 omnium
641 2368 677 2409 ex
699 2349 852 2409 iuniorum
873 2348 981 2408 tabulis
1003 2367 1159 2427 excerpse-

89 2442 163 2507 runt,
191 2434 242 2513 qui
267 2432 464 2512 quadriennio
489 2453 549 2494 non
573 2434 762 2507 militassent,
792 2432 900 2510 quibus
923 2451 1021 2511 neque
1045 2434 1159 2494 uacatio

90 2515 154 2578 iusta
182 2519 302 2579 militiae
333 2536 430 2596 neque
458 2518 579 2580 morbus
606 2538 694 2581 causa
721 2518 840 2591 luisset;
871 2528 900 2579 et
928 2538 962 2579 ea
988 2536 1079 2598 supra
1101 2517 1197 2578 dnos

90 2602 158 2662 milia
181 2604 336 2665 nominum
360 2602 391 2662 in
414 2604 543 2665 aerarios
565 2604 664 2677 relata,
688 2603 829 2682 tribuque
849 2622 953 2664 omnes
968 2604 1053 2675 moti;
1079 2603 1160 2663 addi·
1181 2610 1197 2661 s

90 2696 200 2766 tumque
221 2698 282 2749 tam
298 2689 376 2748 truci
399 2689 551 2749 censoriae
575 2698 662 2751 notae
685 2689 767 2749 triste
783 2698 903 2750 senatus
925 2691 1104 2760 consultum,
1128 2695 1160 2748 ut

53 2770 74 2819 11
91 2770 112 2828 ei
126 2790 234 2849 omnes,
257 2792 335 2852 qnos
357 2791 498 2835 censores
513 2783 676 2849 notassent,
701 2773 826 2853 pedibus
840 2784 992 2835 mererent
1005 2775 1159 2835 mitteren-

91 2862 186 2935 turque
201 2860 231 2919 in
248 2856 377 2921 Siciliam
399 2860 434 2919 ad
453 2858 618 2922 Cannensis
635 2860 783 2921 exercitus
797 2859 946 2939 reliquias,
970 2861 1017 2920 cui
1032 2860 1159 2922 militum

166 2992 179 3043 3
194 2992 342 3059 increpatus
356 2993 389 3044 P’
402 2994 411 3061 ΙΙ
425 2994 520 3046 diceret
533 2998 552 3058 ς
578 2992 706 3045 diceretur
718 2993 761 3060 Pll
774 2999 789 3047 5
808 2992 928 3045 descendi
941 2993 984 3058 ΡΙΙ
997 2993 1158 3044 coniectione

93 3054 130 3122 Pl
146 3060 160 3110 9
178 3060 274 3111 minore
292 3078 346 3114 ror.
366 3080 400 3112 ecc
419 3064 529 3113 minores
547 3063 570 3113 P
585 3062 595 3127 ΙΙ
615 3064 646 3115 12
664 3062 743 3122 uitia,
765 3078 846 3128 quae,
870 3062 942 3113 uelut
961 3076 1026 3127 quae
1046 3061 1068 3112 d.
1089 3062 1159 3111 coni.

94 3120 189 3191 ‚llndntg
203 3126 293 3193 praef.
313 3130 352 3179 ed.
376 3128 386 3197 fl
408 3134 438 3183 13
457 3128 617 3196 gignuntP¹
652 3129 921 3195 signuntP¹leog
955 3144 1000 3179 aea
1019 3129 1044 3178 P
1071 3129 1109 3178 sie
1127 3143 1158 3178 eo

94 3188 167 3242 Patri
191 3198 300 3262 gignunt
318 3212 402 3263 aegra,
421 3205 479 3249 nuta
494 3196 578 3248 llosbl
589 3197 679 3248 annal.
692 3198 758 3263 pbit
773 3200 821 3248 111
834 3198 926 3260 (1875)
939 3196 973 3248 80
986 3196 996 3262 fl
1010 3199 1042 3247 14
1060 3194 1158 3246 eludent

95 3258 146 3336 add
164 3268 194 3326 ς,
217 3280 268 3315 om.
287 3266 312 3317 P
329 3266 338 3333 ΙΙ
361 3266 516 3317 deserendae
534 3265 622 3315 italiae
641 3266 775 3315 consilium
794 3265 911 3325 (consilia
931 3264 1018 3314 Maur.
1030 3262 1159 3342 ‘Muellenj

22 3392 24 3465 ;
95 3332 979 3470 coemi-,tcumetetrecreemus
996 3329 1159 3450 ome

97 3462 250 3521 §bratone
272 3474 281 3529 ΙΙ
307 3472 338 3521 18
358 3470 501 3522 coniuratio
519 3472 543 3522 P
560 3468 570 3536 ΙΙ
592 3472 624 3521 22
644 3468 787 3535 perdituros
806 3471 829 3520 P
846 3468 856 3535 ΙΙ
878 3468 919 3519 bic
936 3470 959 3519 P
976 3467 987 3535 ΙΙ
1009 3467 1120 3533 adempti
1140 3471 1160 3531 ς

98 3526 178 3605 dempti
194 3536 233 3603 ΡῘΙ
247 3538 279 3590 23
293 3537 373 3587 aerari
387 3538 429 3603 ΡΙΙ
442 3540 475 3591 24
493 3552 551 3589 cura
565 3535 599 3588 ΡΞ
625 3552 699 3588 curas
711 3537 743 3588 P¹
755 3536 765 3604 l
779 3538 811 3589 25
830 3544 1000 3603 excepserunt
1012 3534 1054 3602 ΡΙΙ
1067 3538 1100 3588 28
1113 3552 1158 3586 no-

22 3630 23 3655 1
98 3604 217 3653 utnumP
239 3606 369 3655 bominum
388 3606 476 3672 ς1129
494 3612 545 3656 ‘tam
565 3604 629 3656 truci
648 3605 704 3656 Jae.
726 3604 807 3655 Gron.
837 3604 950 3655 tumerici
970 3602 1003 3653 Ρ1
1030 3605 1107 3655 merei
1126 3602 1160 3655 Ρ2

22 3698 23 3707 1
99 3667 140 3714 ltu
151 3680 243 3723 amarae
255 3673 301 3723 uel
313 3678 363 3724 tam
378 3674 484 3725 acerbae
498 3674 579 3725 Gron.
607 3680 658 3723 tam
677 3674 782 3723 tetricae
793 3674 840 3722 uel
851 3684 902 3723 tam
915 3672 995 3723 atroci
1010 3675 1041 3725 Α.
1054 3670 1159 3723 butam

100 3734 142 3849 ἐξ
148 3739 205 3852 31ῐί
221 3740 363 3793 Boettcher
387 3747 439 3793 tam
458 3742 523 3794 tristi
540 3741 627 3793 Fabri
654 3744 706 3792 tem
724 3740 822 3807 rigidae
838 3740 952 3792 Fischer
968 3739 978 3807 ΙΙ
997 3743 1029 3792 31
1049 3754 1159 3791 cannen-
