2734 4250
205 120 267 179 208
575 118 669 171 LIBER
687 118 806 183 xxvml,
826 122 866 172 12.
885 123 916 173 ts
1078 144 1100 178 e.
1113 146 1138 179 u.
1153 145 1174 179 e
1188 134 1236 178 aas.
1245 137 1282 177 aso

205 293 304 374 Epiri;
326 293 365 353 ibi
389 292 473 373 prius
495 291 672 353 conlocutus
694 309 746 352 rex
767 309 836 352 oum
851 291 970 371 Aeropo
992 301 1023 351 et
1045 290 1142 351 Derda
1164 301 1196 351 et
1216 290 1285 351 Phi·

207 380 287 457 lippo
311 378 500 458 Epirotarum
522 376 719 455 praetoribus,
742 384 844 456 postea
867 394 935 437 cum
958 374 991 436 P.
1007 376 1190 454 Sempronio
1211 394 1284 437 con-

154 474 184 525 12
205 464 348 542 graditur.
384 462 478 523 adluit
500 460 660 541 conloquio
676 463 867 541 Amynander
882 460 1079 521 Athamanum
1102 479 1156 521 rex
1178 470 1209 522 et
1223 479 1285 521 ma-

206 547 344 625 gistratus
372 547 419 609 alii
450 547 636 627 Epirotarum
667 556 698 607 et
725 547 924 607 Acarnanum.
978 545 1094 625 primus
1127 546 1284 626 Philippus

205 643 325 711 praetor
340 634 431 694 uerba
451 632 524 693 lecit
539 641 568 692 et
589 631 673 711 petiit
687 632 775 693 simul
790 631 827 692 ah
843 648 914 710 rege
929 641 960 691 ct
973 630 1010 691 ab
1032 631 1212 710 imperatore
1226 632 1286 692 Bo·
1306 643 1321 691 a

205 736 305 790 mano,
330 727 362 779 ut
384 718 472 779 linem
496 716 565 778 belli
588 719 722 778 lacerent
742 717 907 795 darentque
922 733 986 777 eam
1003 715 1134 795 Epirotis
1156 718 1285 777 ueniam.

155 812 184 863 11
208 802 238 863 P.
255 803 450 883 Sempronius
465 802 657 863 condiciones
673 802 755 881 pacis
776 802 858 873 dixit,
881 810 915 861 ut
929 801 1062 862 Parthini
1084 810 1114 861 et
1129 801 1286 865 Dimallum

206 897 237 948 et
257 887 427 966 Bargullum
451 899 480 949 et
504 886 669 967 Eugenium
693 887 894 948 Romanorum
921 895 1037 957 essent,
1065 885 1234 959 Atintania,
1262 890 1285 949 si

207 972 303 1034 missis
325 973 449 1034 Romam
478 972 580 1051 legatis
608 972 644 1033 ab
674 984 778 1033 senatu
808 972 1010 1052 impetrasset,
1040 979 1072 1030 ut
1095 970 1286 1034 Macedoniae

157 1068 186 1119 11
207 1059 369 1119 accederet.
414 1058 443 1119 in
473 1076 522 1119 eas
550 1057 744 1118 condiciones
766 1075 834 1119 cum
857 1075 913 1137 pax
935 1055 1130 1127 conueniret,
1156 1056 1196 1117 ab
1217 1076 1288 1136 rege
1309 1068 1334 1118 to

207 1143 318 1204 loederi
338 1142 476 1222 adscripti
494 1142 594 1204 Prusia
617 1141 771 1222 Bithyniae
793 1160 854 1214 rex,
870 1140 989 1213 Achaei,
1012 1140 1126 1211 Boeoti,
1141 1141 1286 1212 Thessali,

208 1229 390 1300 Acarnanes,
413 1227 561 1308 Epirotae,
583 1226 620 1288 ab
643 1226 784 1288 Romanis
805 1227 944 1295 llienses,
967 1226 1081 1287 Attalns
1102 1243 1171 1297 rex,
1198 1228 1288 1289 Pleu·

175 1361 184 1379 ,
206 1323 296 1383 ratus,
320 1314 409 1375 Nabis
430 1312 731 1373 Lacedaemoniorum
754 1322 909 1392 tyrannus,
930 1310 1005 1384 Elei,
1027 1310 1176 1385 Messenii,
1198 1313 1286 1375 Athe

158 1408 186 1459 15
209 1398 337 1461 nienses.
368 1400 441 1460 haec
458 1398 627 1476 conscripta
642 1398 876 1477 consignataque
892 1405 972 1469 sunt,
987 1396 1062 1457 etin
1077 1395 1154 1457 duos
1168 1416 1288 1461 meuses

207 1484 338 1545 indutiae
360 1486 461 1555 laeuo,
484 1482 581 1544 donec
596 1482 719 1543 Romam
735 1482 926 1544 mitterentur
939 1481 1036 1560 legati,
1059 1489 1093 1541 ut
1107 1483 1243 1562 populus
1257 1486 1288 1545 in
1307 1491 1330 1541 15
1365 1495 1366 1506 ¹

154 1575 184 1627 16
205 1570 257 1629 has
286 1569 478 1629 condiciones
506 1585 608 1647 pacem
638 1567 762 1628 iuberet
805 1568 1016 1646 iusseruntque
1044 1584 1150 1629 omnes
1179 1568 1287 1637 tribus,

208 1654 275 1731 quia
292 1671 380 1713 uerso
403 1653 433 1714 in
449 1654 578 1714 Alricam
601 1652 679 1713 bello
702 1651 842 1715 omnibus
862 1652 927 1714 aliis
949 1653 980 1713 in
1003 1653 1170 1732 praesentia
1193 1653 1288 1715 leuari

207 1736 292 1799 bellis
321 1736 471 1799 uolebant.
524 1738 554 1799 Ρ.
585 1738 782 1817 Sempronius
814 1755 887 1817 pace
921 1738 996 1798 lacta
1029 1736 1066 1797 ad
1095 1738 1288 1800 consulatum

206 1821 329 1883 Romam
352 1823 486 1884 decessit.

156 1911 192 1967 18
292 1906 330 1967 M.
347 1906 484 1968 Cornelio
510 1908 541 1969 P.
561 1908 739 1985 Sempronio
762 1906 937 1968 consulibus
951 1940 993 1951 -
1008 1906 1131 1985 quintus
1152 1907 1289 1970 decimus
1307 1916 1333 1967 et

208 1992 233 2053 is
255 2010 353 2055 annus
374 1991 443 2054 belli
460 1992 562 2053 Punici
579 2002 642 2053 erat
662 2025 705 2037 —
727 1992 900 2071 prouinciae
915 1990 1054 2053 Cornelio
1075 1990 1195 2053 Etruria
1218 2012 1286 2055 cum

209 2087 312 2140 uetere
327 2080 468 2152 exercitu,
491 2077 669 2157 Sempronio
685 2077 802 2148 Bruttii,
824 2085 859 2138 ut
873 2094 968 2139 nouas
981 2075 1125 2138 scriberet
1141 2077 1287 2156 legiones.

172 2173 187 2223 1
208 2165 361 2238 decretam
390 2162 578 2244 praetoribus
600 2163 638 2224 Μ.
661 2162 773 2223 Marcio
794 2163 923 2235 urbana,
946 2161 980 2222 L.
997 2161 1155 2223 Scribonio
1176 2163 1287 2227 Liboni

209 2251 366 2330 peregrina
390 2259 419 2311 et
441 2250 535 2310 eidem
558 2246 666 2320 Gallia,
696 2247 735 2308 Μ.
758 2246 924 2328 Pomponio
946 2246 1078 2308 Mathoni
1101 2247 1220 2320 Sicilia,
1242 2250 1287 2314 ri.

172 2342 187 2391 s
210 2334 330 2396 Claudio
347 2335 459 2397 Neroni
475 2333 609 2395 Sardinia
632 2334 744 2395 euenit.
788 2331 820 2392 P.
836 2331 969 2412 Scipioni
992 2350 1061 2393 cum
1083 2351 1120 2393 eo
1142 2336 1287 2403 exercitu,
1308 2341 1335 2390 25

208 2438 276 2481 curn
292 2438 326 2481 ea
342 2421 451 2492 classe,
474 2436 562 2498 quam
578 2418 715 2492 habehat,
737 2427 929 2498 prorogatum
945 2418 976 2479 in
991 2435 1104 2478 annum
1127 2418 1287 2497 imperium

189 2485 272 2578 ’est3
295 2505 363 2566 item
387 2504 419 2565 P.
442 2503 566 2576 Licinio,
590 2514 622 2564 ut
645 2504 778 2565 Bruttios
798 2502 914 2564 duabus
935 2501 1103 2582 legionibus
1124 2504 1288 2582 optineret,

208 2590 305 2667 quoad
336 2607 403 2651 eum
432 2590 462 2650 in
493 2589 649 2669 prouincia
679 2606 748 2649 cum
777 2587 901 2668 imperio
929 2588 1039 2649 morari
1068 2589 1187 2650 consuli
1216 2609 1287 2652 ere

172 2674 327 2754 tpublica
351 2675 448 2737 uisum
472 2684 563 2747 esset,
593 2683 622 2735 et
644 2672 683 2733 Μ.
708 2672 792 2735 Liuio
815 2683 846 2734 et
867 2675 918 2752 Sp.
941 2672 1082 2734 Lucretio
1110 2691 1178 2734 cum
1208 2675 1287 2737 binis

209 2758 386 2840 legionibus,
409 2760 518 2839 quihus
532 2760 676 2820 aduersus
691 2757 847 2837 Magonem
862 2757 972 2819 Galliae
987 2757 1134 2836 praesidio
1150 2759 1288 2830 luissent,
1307 2762 1365 2834 aa}

278 2914 290 2962 l
310 2923 390 2975 eropo
407 2910 447 2960 2⁸
467 2909 557 2976 alropo
581 2908 626 2975 ΡΙΙ
644 2907 721 2960 derda
741 2908 778 2959 Σι
800 2906 877 2960 darde
896 2907 976 2972 1²12
1000 2906 1144 2972 pretorihns
1169 2909 1210 2958 2⁸
1225 2911 1287 2976 prael
1364 2906 1365 2957 l

209 2981 265 3028 lore
282 2977 353 3045 Pla
372 2975 454 3030 adluit
477 2994 532 3029 ros.
555 2994 590 3028 aa
607 2975 698 3028 adfluit
715 2977 764 3043 ΡΙ
786 2981 801 3028 5
820 2976 894 3042 petiit
911 2977 931 3040 ς
948 2975 1013 3042 petit
1030 2974 1142 3044 ΡὶἿθ
1160 2991 1218 3029 eam
1237 2993 1288 3028 on.
1364 2982 1365 2989 ’

209 3043 265 3095 2⁸?
278 3043 315 3114 18
334 3044 478 3112 bargullum
497 3044 669 3110 Pbsrgtuum
689 3046 728 3095 2¹
740 3044 750 3110 Ι
761 3051 789 3096 et
805 3060 855 3097 orn.
874 3042 933 3109 ΣἿ
951 3043 1076 3094 atintrnia
1093 3045 1116 3095 si
1133 3045 1159 3096 P
1171 3045 1205 3097 ad
1222 3046 1289 3098 inta-

209 3115 264 3165 niss
282 3111 371 3182 ffllb
389 3115 421 3164 ab
439 3111 694 3182 senatumlpetrasset
705 3112 738 3162 P
755 3112 787 3164 ab
802 3117 918 3165 senatum
934 3112 939 3175 Ι
972 3118 1082 3162 atrasset
1093 3110 1128 3163 Ρ·
1144 3112 1179 3163 ab
1195 3122 1287 3166 oenstu

210 3183 361 3250 impetrasse
379 3183 415 3233 ΣΙ
428 3181 439 3249 ΙΙ
451 3187 480 3234 ut
498 3182 548 3234 del.
569 3179 650 3234 oron.
668 3181 678 3248 Ι
697 3179 861 3233 macedoniae
883 3195 897 3230 a
962 3186 1017 3231 eret
1034 3179 1187 3240 Aleedelslrs'
1203 3196 1289 3234 mace

209 3250 406 3304 doniaecederet
424 3248 593 3302 Pmacedoni
612 3249 745 3301 accederet
762 3249 819 3301 2⁹¹?
837 3247 919 3300 Goon.
937 3245 1086 3300 macedonia
1104 3247 1210 3302 cederet
1227 3249 1290 3318 2²1

211 3322 242 3372 10
261 3333 305 3372 eas
322 3321 346 3372 P
362 3319 407 3371 has
425 3318 486 3385 ”l
502 3321 531 3372 11
551 3316 647 3370 loederl
665 3319 689 3368 P
704 3317 790 3368 ledere
807 3314 1002 3382 ffladscribtl
1020 3314 1163 3383 Plprnsia
1179 3333 1235 3370 m.
1253 3335 1290 3370 eac
1363 3364 1364 3371 ,

209 3389 309 3454 prusias
328 3387 370 3454 Pl
384 3387 471 3439 boeoti
488 3387 543 3437 2¹?
562 3385 641 3437 boetii
652 3384 693 3435 >3¹
710 3384 775 3436 haeo
786 3386 828 3452 ΡΙ
841 3383 947 3436 thessali
965 3397 1104 3436 eumenes
1119 3384 1168 3449 ΣΙ,
1184 3401 1237 3438 on.
1249 3388 1290 3455 ΡΙ
1363 3390 1364 3397 ’

212 3457 243 3507 12
261 3457 361 3522 epirote
377 3456 419 3520 Pl
433 3457 464 3507 13
484 3453 733 3506 lacaedemoniorum
745 3452 788 3519 Pl
800 3453 850 3506 elei
862 3453 886 3504 P
898 3451 933 3504 eli
946 3451 985 3502 Σ*
996 3451 1007 3518 Ι
1018 3453 1139 3504 messenii
1151 3455 1193 3502 Σ*
1204 3469 1290 3508 messe
1363 3454 1364 3503 l

210 3521 298 3589 Plll
317 3525 365 3576 lree
382 3523 421 3573 Σ*
444 3523 492 3574 hoc
509 3524 534 3574 P
550 3521 560 3590 Ι
576 3524 605 3574 15
624 3535 721 3574 romam
739 3520 779 3571 2¹
794 3534 882 3573 romae
898 3518 940 3587 Pl
955 3521 987 3572 tc
1009 3519 1055 3571 has
1072 3518 1147 3571 ΡΨ
1164 3523 1213 3574 hos
1230 3523 1290 3590 1²¹1
1363 3522 1364 3571 ζ

210 3589 310 3641 iuberet
326 3590 372 3640 uel
388 3589 507 3642 luberent
524 3591 572 3654 2¹,
590 3605 640 3642 unt.
659 3590 682 3641 P
697 3587 709 3655 Ι
727 3592 758 3641 18
777 3589 853 3641 bellis
869 3587 994 3640 uolebant
1010 3587 1047 3638 2¹
1069 3587 1193 3640 uolebant
1210 3589 1287 3642 bellis

210 3657 235 3706 P
272 3658 304 3707 20
323 3671 355 3708 ur.
374 3658 487 3709 cornelio
512 3673 536 3724 p.
555 3657 701 3725 sempronio
719 3657 757 3708 2¹
779 3659 804 3722 p.
821 3671 876 3709 sem
894 3655 968 3709 ronio
987 3651 1020 3708 ιῖι.
1038 3655 1152 3707 cornelio
1170 3656 1213 3725 ΡΙ
1227 3673 1288 3712 eon·

211 3721 446 3852 ἣίῗίηερὶῖῶοὲιι
456 3725 542 3858 spem
561 3725 647 3806 pupicl
666 3723 795 3843 mulum
809 3726 864 3792 122
877 3671 962 3776 {tutti
975 3723 1016 3792 ΡΙ
1030 3724 1064 3776 24
1075 3725 1226 3790 peregrinae
1241 3730 1247 3791 Ι
1261 3733 1287 3778 et

354 3807 359 3839 ι
532 3807 688 3857 prouinciam
