2734 4250
201 53 262 115 288
593 54 690 107 trunti
706 54 784 121 xxtt,
802 57 844 109 39.
862 58 895 109 to
1071 82 1092 115 a.
1107 82 1130 115 u.
1144 80 1166 115 e.
1178 71 1233 115 aaz
1248 73 1295 114 aaa

201 227 319 290 comitia
341 227 452 291 indicta
475 227 577 308 perfici
601 236 791 307 tempestates
815 227 1051 307 prohibuerunt;
1081 228 1182 307 itaque
1211 246 1291 290 cum

201 313 295 394 pridie
318 314 384 375 idus
405 313 525 375 hlartias
547 322 663 375 ueteres
684 314 874 392 magistratus
895 312 1044 386 abissent,
1067 314 1140 375 noui
1162 314 1292 376 suffecti

203 417 265 459 non
288 406 397 471 essent,
424 416 472 460 res
495 396 614 478 publica
636 398 701 460 sinc
723 396 879 459 curulibus
899 398 1119 479 magistratibus
1140 408 1216 461 erat.

163 494 179 544 6
286 482 321 543 Τ.
338 482 464 545 blaulius
479 483 647 562 Torquatus
662 484 798 563 pontifex
813 503 849 545 eo
864 501 944 545 auno
958 493 1110 560 mortuus;
1130 484 1161 544 in
1180 485 1290 546 locum

202 568 267 629 eius
288 568 432 629 senectus
454 566 485 629 C.
502 567 651 647 Sulpicius
666 568 768 629 Galba.
811 569 848 630 ah
871 568 904 629 L.
920 568 1036 631 Licinio
1050 568 1176 630 Lucullo
1198 578 1234 631 et
1251 570 1290 641 Ο.
1310 581 1324 629 5

163 665 178 715 t
201 652 307 714 Fuluio
319 651 463 714 aedilibus
478 652 632 715 curulibus
646 653 708 714 ludi
720 653 845 716 Romani
860 663 908 714 ter
921 654 975 715 toti
991 653 1155 715 instaurati.
1186 673 1289 734 pecu·

202 738 281 799 niam
297 756 333 798 ex
347 738 461 799 aerario
477 736 591 799 scribae
606 738 796 819 uiatoresque
813 738 939 800 aedilicii
961 738 1036 800 clam
1059 739 1204 819 egessisse
1229 759 1289 819 per

202 822 330 883 indicem
347 822 491 902 comperti
507 821 636 884 damnati
651 833 732 897 sunt,
748 843 809 887 uon
825 826 892 885 sinc
908 824 1027 885 iufamia
1039 823 1155 885 Luculli
1168 825 1288 887 aedilis

162 918 179 970 8
201 907 234 968 Ρ.
246 907 346 969 Aelius
357 907 477 970 Tubero
493 917 523 969 et
538 907 571 967 L.
588 907 743 971 Laetorius
756 908 866 971 aediles
881 909 976 989 plebis
990 910 1064 970 uitio
1079 909 1172 970 creati
1187 910 1287 988 magi·

202 1001 294 1054 stratu
317 1011 350 1053 se
372 992 601 1067 abdicauerunt,
630 1010 699 1055 cum
720 993 807 1056 ludos
828 993 1025 1073 ludorumque
1046 1011 1134 1055 causa
1157 995 1287 1075 epulum
1308 1004 1329 1055 tr

202 1077 266 1139 loni
287 1077 427 1140 iecissent
442 1086 472 1139 ot
486 1078 571 1157 signa
587 1079 643 1139 tria
658 1097 694 1140 er
716 1078 877 1141 multaticio
900 1087 1025 1158 argento
1046 1080 1123 1141 lacta
1144 1080 1176 1140 iu
1193 1079 1286 1159 Capi-

202 1163 273 1225 tolio
302 1162 481 1243 posuissent.
525 1162 647 1224 Cerialia
673 1163 760 1225 ludos
780 1164 907 1225 dictator
928 1173 958 1225 et
978 1164 1119 1244 magister
1145 1165 1284 1243 equitum

202 1268 238 1309 ex
260 1257 381 1311 senatus
404 1246 542 1315 consulto
565 1250 711 1309 lecerunt
765 1282 770 1297 ·

149 1339 189 1397 to
290 1333 391 1413 Legati
414 1352 448 1394 ex
471 1332 569 1394 Airica
599 1333 726 1394 Romani
756 1331 844 1395 simul
866 1332 1186 1413 Carthaginiensesque
1211 1352 1283 1395 cum

165 1430 181 1481 2
204 1418 358 1480 uenissent
372 1418 506 1491 Romam,
529 1426 649 1480 senatus
664 1419 699 1479 ad
714 1418 817 1479 aedem
832 1417 972 1479 Bellonae
994 1418 1111 1480 habitus
1132 1426 1186 1480 est
1231 1418 1284 1480 ubi
1306 1429 1329 1478 ta

202 1522 269 1565 cum
286 1503 319 1564 L.
335 1502 475 1565 Veturius
488 1502 573 1564 Philo
596 1512 760 1583 pugnatum
783 1522 851 1564 cum
867 1502 1033 1565 Hannibale
1055 1522 1120 1565 esse
1141 1521 1283 1584 suprema

202 1586 494 1667 Carthaginiensibus
515 1607 615 1667 pugna
638 1590 789 1667 finemque
811 1588 931 1649 tandem
952 1587 1071 1667 lugubri
1091 1588 1171 1650 hello
1193 1588 1283 1668 inpo-

163 1684 178 1733 t
201 1674 289 1734 situm
306 1672 419 1751 ingenti
437 1672 546 1733 laetitia
558 1682 674 1753 patrum
687 1673 880 1753 exposuisset,
895 1673 1002 1735 adiecit
1012 1672 1182 1735 Verminam
1193 1675 1284 1735 etiam

202 1756 343 1837 Syphacis
357 1756 460 1831 filium,
484 1775 558 1835 quae
573 1776 665 1837 parua
680 1757 758 1819 benc
773 1766 873 1837 gestae
886 1758 930 1819 rei
944 1759 1074 1819 accessio
1089 1768 1162 1832 crat,
1179 1758 1283 1821 deuic-

201 1851 274 1903 tum.
319 1841 348 1902 in
366 1842 537 1903 contionem
553 1844 622 1904 inde
637 1843 758 1923 prodire
780 1844 879 1905 iussus
897 1842 1097 1923 gaudiumque
1119 1843 1147 1905 id
1170 1844 1285 1923 populo
1305 1852 1330 1903 at

163 1939 178 1989 t
201 1926 354 2007 inpertire.
399 1934 462 1987 tum
484 1929 628 2006 patefacta
654 1927 845 2007 gratulationi
873 1928 972 1989 omnia
1000 1927 1031 1989 in
1058 1927 1133 1989 urhe
1160 1929 1283 2007 templa,

201 2011 491 2093 supplicationesque
519 2012 549 2073 in
578 2012 709 2075 triduum
737 2014 883 2075 decretae.
927 2013 1030 2091 legatis
1057 2012 1283 2093 Carthaginien·

200 2098 275 2160 sium
299 2107 328 2159 et
349 2096 476 2178 Philippi
499 2098 641 2177 regis-
663 2116 732 2160 nam
754 2098 775 2160 ii
796 2116 917 2178 quoque
938 2107 1087 2160 uenerant
1107 2134 1150 2145 -
1176 2106 1284 2178 peton-

199 2184 288 2258 tihus,
310 2192 343 2244 ut
358 2191 478 2245 senatus
499 2183 554 2245 sihi
570 2183 699 2257 daretur,
723 2202 899 2264 responsum
923 2183 1005 2246 iussu
1020 2193 1138 2264 patrum
1160 2182 1198 2245 ab
1220 2185 1283 2246 dic·

161 2279 292 2332 ctatore
314 2277 359 2330 est
380 2269 519 2330 consules
542 2288 639 2330 nouos
667 2270 711 2331 eis
731 2279 868 2331 senatum
896 2269 1018 2330 daturos
1046 2287 1120 2331 csse.
1164 2269 1283 2330 comitia
1304 2281 1330 2330 tt

199 2353 270 2414 inde
292 2353 398 2414 habitu.
443 2354 534 2414 creati
556 2354 696 2416 consules
718 2354 772 2415 Cn.
788 2353 944 2416 Cornelius
957 2353 1112 2427 Lentulus,
1134 2354 1167 2414 P.
1181 2353 1284 2415 Aelius

200 2439 323 2515 Paetus;
346 2447 497 2520 praetores
519 2437 557 2498 Μ.
581 2438 683 2501 lunius
705 2439 841 2512 Pennus,
870 2439 918 2499 cui
940 2457 1005 2501 sors
1031 2439 1143 2500 urbana
1170 2439 1283 2512 euenit,

200 2523 238 2584 Μ.
251 2523 383 2585 Valerius
395 2523 477 2584 Falto
492 2523 633 2597 Bruttios,
651 2524 691 2585 Μ.
706 2523 815 2585 Fabius
828 2524 923 2585 Buteo
938 2523 1114 2596 Sardiniam,
1137 2523 1169 2584 P.
1183 2522 1283 2585 helius

161 2623 177 2673 6
200 2608 318 2670 Tubero
334 2608 462 2670 Siciliam
478 2617 523 2669 est
537 2609 667 2670 sortitus.
711 2609 749 2670 de
762 2609 927 2690 prouinciis
941 2608 1099 2670 consulum
1119 2607 1193 2668 nihil
1215 2619 1282 2668 ante

201 2692 336 2772 placebat
364 2693 424 2774 agi,
455 2711 542 2773 quam
571 2694 659 2773 legati
680 2694 810 2774 Philippi
835 2693 914 2771 regis
941 2701 971 2754 et
998 2692 1281 2772 Carthaginiensium
1299 2704 1329 2752 so

272 2917 284 2965 t
305 2911 399 2965 indicta
420 2909 458 2962 2⁸
474 2909 584 2963 inctecta
602 2912 626 2963 B
643 2912 737 2963 intecta
751 2909 894 2979 Olperfici
907 2927 957 2963 ora.
970 2911 1008 2960 Β*
1021 2909 1031 2976 l
1043 2913 1059 2963 2
1071 2924 1110 2976 pr.
1123 2909 1205 2964 ΒΟΣ*
1216 2911 1226 2978 Ι
1237 2925 1282 2963 ue·

206 2987 273 3034 terea
292 2997 341 3033 om.
361 2980 454 3044 Olma
474 2985 584 3032 cetratus
601 2980 625 3032 B
643 2980 653 3044 l
670 2979 792 3031 abessent
808 2979 849 3029 2⁸
865 2979 877 3048 Ι
896 2982 913 3032 4
931 2982 959 3042 t]
976 2979 994 3031 l.
1011 2977 1035 3029 B
1052 2977 1062 3046 Ι
1082 2980 1125 3044 eo]
1145 2985 1174 3031 et
1189 2993 1221 3031 eo
1238 2977 1259 3031 Ο
1273 2979 1283 3043 Ι

203 3055 319 3103 morinos
335 3047 409 3116 nto
428 2993 508 3113 gabaa
527 3045 680 3116 Biluclnio
692 3047 716 3099 B
728 3047 768 3113 ΙΒ
785 3051 825 3098 ter
841 3047 890 3099 toti
907 3047 954 3099 ΒΟ
970 3046 1046 3098 tertio
1064 3047 1103 3096 ΣΙ
1114 3047 1153 3114 ll
1171 3046 1280 3099 aedilicii

203 3119 268 3172 clau
281 3118 328 3171 ΒΟ
337 3117 463 3170 ediliciam
476 3115 531 3183 ΣἸ
541 3115 625 3182 egisse
636 3114 683 3167 ΒΟ
688 3115 698 3180 l
716 3116 732 3168 8
747 3115 871 3182 comperti
882 3116 1026 3167 Aaceuaiua
1038 3115 1113 3178 1513,
1125 3130 1176 3166 ora.
1186 3114 1282 3180 ΒΟΣἺ

203 3186 333 3254 dampnati
350 3185 395 3253 ΒΙΙ
409 3189 424 3239 9
442 3183 565 3236 lectorius
583 3183 628 3250 Bll
643 3186 674 3237 tc
693 3186 732 3246 ael
750 3197 793 3236 aea
812 3181 1056 3250 Blabdicauemnt
1072 3182 1118 3235 ΒΟ
1133 3182 1282 3234 abdicarunt

203 3258 239 3307 Σ·
254 3255 392 3336 pludorum
410 3265 477 3320 quae
495 3265 579 3304 causae
598 3251 687 3318 pulum
705 3250 794 3316 utri
814 3250 883 3302 iouis
900 3250 938 3300 2⁴
950 3252 961 3318 Ι
972 3251 1045 3316 signa
1065 3251 1112 3302 tria
1132 3256 1152 3312 ς
1171 3250 1280 3317 algnana

203 3324 227 3375 B
244 3338 317 3390 signa
335 3336 401 3375 aerea
420 3319 595 3385 Csiguataria
613 3317 674 3386 >3²1
688 3318 806 3371 multatio
824 3318 866 3385 ΟΙ
879 3320 911 3372 tt
929 3319 1032 3371 cerialia
1050 3317 1151 3370 Bw?
1174 3317 1280 3370 cerealia

203 3392 257 3443 2¹?
270 3392 280 3459 ll
293 3395 350 3455 mag
369 3405 383 3442 e
404 3431 409 3443 .
428 3387 450 3439 Ο
466 3401 568 3456 mageq:
593 3387 639 3454 ΒΙ
660 3389 691 3440 13
709 3401 741 3439 ex
758 3401 787 3438 sc
806 3386 866 3439 0&
883 3391 923 3438 sc.
939 3387 964 3438 Β
981 3386 992 3453 Ι
1012 3390 1044 3440 tl
1067 3386 1281 3452 carthaginienses

204 3465 265 3522 (om.
284 3461 344 3526 que)
360 3407 427 3525 ubl}
441 3458 473 3508 lh
491 3455 535 3507 uhi
553 3455 599 3508 ΒΟ
615 3455 651 3507 ihi
668 3454 727 3521 ΣῚ
743 3458 774 3508 16
792 3468 850 3506 esse
867 3470 920 3507 om.
938 3454 980 3574 Οέ
995 3458 1025 3506 l'l
1039 3454 1187 3520 impositum
1206 3451 1282 3520 ΟΣἸ

206 3529 238 3578 19
256 3540 334 3592 parce
351 3525 442 3593 utto
460 3521 520 3575 iude
537 3523 583 3586 Σ),
602 3539 653 3575 om.
674 3522 718 3575 ΒΟ
728 3522 739 3590 Ι
757 3525 789 3578 tt
808 3522 938 3588 impertire
987 3522 1138 3589 {patefacta
1157 3522 1196 3572 ΣΙ
1212 3527 1281 3590 pater

204 3593 272 3644 lacta
289 3592 335 3643 ΒΟ
350 3593 360 3658 l
376 3589 540 3658 gratulationi
563 3591 645 3643 Gron.
662 3589 817 3652 Alschefski
839 3589 1010 3657 gratulatione
1027 3589 1110 3642 BCX*
1159 3591 1192 3642 23
1216 3590 1241 3641 hi
1258 3589 1280 3640 Β

204 3657 240 3709 hii
259 3657 350 3726 0125
369 3661 418 3721 est]
438 3661 482 3711 ἴε
503 3659 548 3726 ΒΙΙ
561 3660 599 3711 eis
617 3658 654 3708 ΣΙ
671 3657 713 3710 his
729 3659 796 3726 ccl
809 3661 840 3712 tt
860 3664 935 3725 petua
952 3659 998 3721 2¹⁴,
1016 3673 1067 3710 oar.
1078 3657 1125 3709 ΒΟ
1157 3657 1184 3709 in
1197 3657 1280 3710 iunius

204 3740 240 3774 erc
257 3738 282 3774 m
299 3725 385 3776 iunius
403 3725 455 3792 0¹!
470 3727 501 3780 28
520 3725 588 3778 laico
605 3726 643 3777 2⁸
655 3726 665 3793 ΙΙ
679 3726 742 3779 huto
760 3726 847 3794 0129
865 3732 956 3779 tunero
974 3725 1021 3778 ΒΟ
