2734 4250
82 158 183 202 tueare
443 145 535 200 LlBER
554 146 618 212 lllll,
636 150 724 202 4148
1079 148 1119 206 45

81 314 170 376 silentio
183 317 316 398 colligere
339 327 432 380 castra
449 318 485 378 ab
501 318 605 380 Ticino
621 328 700 380 mota
715 319 945 400 festinatumque
960 322 994 381 ad
1008 320 1119 382 Padum

80 409 120 470 est,
139 409 164 462 ut
183 404 297 477 ratibus,
321 402 430 482 quibus
450 403 586 464 iunxerat
603 404 724 477 flumen,
748 405 880 465 nondum
895 404 1034 467 resolutis
1055 406 1120 468 sine

80 485 179 546 tumultu
192 497 275 567 atque
291 488 486 550 insectatione
502 489 594 550 bostis
609 489 710 568 copias
723 490 870 550 traiceret
899 491 983 570 prius
997 491 1122 552 Placen·
1142 501 1157 550 t

80 570 131 630 tiam
152 589 322 650 peruenere,
351 591 439 653 quam
469 575 540 634 satis
570 574 661 635 sciret
682 574 830 636 Hannibal
857 574 894 634 ab
917 574 1021 637 Ticino
1049 594 1121 655 pro·

54 654 161 731 electos3
184 665 278 720 tamen
302 658 339 718 ad
367 666 519 720 sescentos
540 669 725 720 moratorum
753 659 783 719 in
807 659 943 721 citeriore
965 660 1029 741 ripa
1051 662 1121 722 Padi

78 739 183 816 segniter
207 752 297 804 ratem
327 742 479 805 soluentes
501 743 588 822 cepit.
632 745 759 805 transire
785 754 907 823 pontem
931 764 991 806 non
1014 747 1121 824 potuit,

78 831 100 882 ut
111 833 222 888 extrema
238 827 366 890 resoluta
382 837 476 902 erant,
495 835 557 889 tota
572 836 634 889 rate
649 829 680 889 in
697 828 857 890 secundam
873 847 978 908 aquam
993 830 1120 891 labente.

77 906 169 971 Coelius
188 921 288 974 auctor
309 923 355 974 est
369 912 524 992 Magonem
541 931 608 973 cum
629 913 760 991 equitatu
777 922 807 974 et
821 912 960 993 Hispanis
974 914 1122 995 peditibus
1143 928 1158 977 t

74 993 163 1056 lumen
189 997 333 1076 extemplo
361 1007 509 1068 tranasse,
539 999 636 1077 ipsum
659 997 855 1060 Hannibalem
886 1017 940 1078 per
968 1001 1121 1079 superiora

40 1083 59 1134 tt
74 1076 127 1138 Padi
146 1081 211 1142 uada
233 1083 396 1144 exercitum
419 1081 581 1144 traduxisse
603 1083 769 1162 elephantis
791 1083 822 1143 in
841 1084 976 1145 ordinem
998 1085 1033 1145 ad
1055 1104 1120 1146 sus-

72 1161 202 1226 tinendum
229 1167 373 1246 impetum
399 1167 530 1229 fluminis
560 1168 712 1247 oppositis.
757 1185 790 1228 ea
817 1168 921 1246 peritis
942 1170 1037 1230 amnis
1059 1170 1158 1231 eiust

72 1247 206 1311 nitidem
228 1251 371 1326 iecerint;
400 1270 468 1313 nam
492 1270 590 1331 neque
613 1253 727 1332 equites
749 1253 839 1313 armis
867 1254 1011 1332 equisque
1032 1254 1121 1316 saluis

71 1339 161 1395 unum
176 1336 232 1396 uim
246 1337 378 1398 fluminis
393 1354 547 1417 superasse
569 1337 634 1398 ueri
656 1337 750 1398 simile
772 1346 827 1410 est,
850 1346 885 1397 ut
901 1339 958 1398 iam
974 1338 1121 1417 Hispanos

72 1419 151 1479 omnis
170 1421 257 1483 inllati
280 1422 463 1483 trauexerint
490 1432 585 1494 utres,
615 1429 644 1482 et
665 1424 827 1483 multorum
856 1422 970 1482 dierum
995 1423 1122 1484 circuitu

33 1499 126 1562 ttPndi
146 1506 213 1567 uada
234 1507 362 1586 petenda
385 1507 514 1579 luerunt,
538 1524 595 1585 qna
617 1507 764 1568 exercitus
785 1507 884 1585 grauis
905 1507 1123 1586 impedimentis

71 1587 165 1650 traduci
185 1602 292 1669 posset.
330 1591 462 1670 potiores
484 1602 556 1671 aput
570 1609 617 1652 me
639 1601 776 1652 auctores
789 1600 870 1662 sunt
892 1592 943 1670 qui
958 1592 1049 1653 biduo
1071 1593 1123 1653 uin
1144 1606 1159 1655 6

69 1669 150 1733 locum
165 1685 222 1736 rote
237 1676 390 1755 iungendo
406 1676 520 1737 flumini
536 1677 693 1738 inuentum
708 1675 845 1751 tradunt;
864 1695 898 1736 ea
914 1695 982 1738 oum
997 1676 1123 1757 lingone

69 1757 166 1834 equites
186 1769 213 1821 et
235 1761 436 1840 Hispanorum
460 1760 611 1840 expeditos
638 1760 825 1841 praemissos.
870 1762 942 1822 dum
966 1761 1122 1836 Hannibal,
1144 1776 1159 1823 t

69 1840 133 1902 circa
152 1844 257 1907 llomen
281 1845 478 1925 legationibus
500 1845 649 1908 Gallorum
672 1846 824 1907 audiendis
849 1855 996 1920 moratus,
1026 1848 1123 1909 traicit

32 1927 168 2002 ltgrauius
187 1931 319 2010 peditum
343 1949 464 2011 agmen,
493 1930 611 1991 interim
635 1931 720 2009 Mago
742 1930 915 2009 equitesque
937 1931 973 1992 ab
995 1933 1121 1994 transitu

69 2011 180 2075 luminis
206 2015 253 2076 die
283 2016 372 2077 unius
401 2016 507 2078 itinere
530 2014 711 2076 Placentiam
740 2015 777 2076 ad
806 2015 906 2076 hostes
928 2017 1123 2078 contendunt.

70 2093 197 2161 llannibal
218 2101 321 2181 paucis
343 2108 412 2181 post
432 2100 537 2163 diebus
559 2100 704 2162 sexmilia
722 2118 738 2161 a
754 2099 901 2162 Placentia
923 2111 1018 2163 castra
1040 2120 1123 2163 com·
1144 2113 1159 2165 8

69 2184 178 2245 muniuit
198 2194 227 2247 et
249 2196 370 2265 postero
393 2186 441 2247 die
462 2185 494 2246 in
517 2194 679 2266 conspectu
697 2185 826 2248 bostium
844 2186 908 2247 acie
930 2188 1046 2248 derecta
1068 2206 1123 2268 po-

70 2274 184 2331 testatem
205 2288 324 2350 pugnae
346 2270 425 2332 lecit.

33 2352 52 2403 ὃ
136 2353 306 2435 insequenti
322 2365 409 2417 nocte
424 2355 528 2417 caedes
543 2356 573 2416 in
590 2354 694 2415 castris
709 2354 860 2428 Romanis,
877 2354 1007 2415 tumultu
1022 2363 1122 2415 tamen
1136 2361 1174 2418 4⁸

69 2451 140 2511 quarn
161 2457 192 2499 re
212 2441 316 2514 maior,
339 2440 376 2501 ab
398 2438 588 2501 auxiliaribus
606 2438 696 2500 Gallis
717 2441 792 2501 lacta
816 2449 868 2501 est.
905 2438 940 2498 ad
963 2439 1023 2499 duo
1044 2438 1124 2499 milia
1145 2452 1160 2502 t

68 2520 181 2595 peditum
207 2535 237 2585 et
265 2526 386 2587 ducenti
414 2526 529 2604 equites
555 2524 695 2604 uigilibus
721 2525 757 2585 ad
785 2532 886 2603 portas
914 2523 1067 2584 trucidatis
1089 2522 1124 2583 ad

70 2602 244 2669 Hannibalem
276 2610 493 2689 transfugiunt;
523 2628 598 2688 qnos
620 2609 739 2670 Poenus
767 2608 897 2689 benigne
919 2607 1074 2670 adlocutus
1096 2617 1126 2669 et

68 2706 109 2767 spe
134 2692 297 2773 ingentium
325 2694 473 2757 donorum
501 2712 644 2756 accensos
671 2694 702 2754 in
725 2694 861 2755 ciuitates
888 2711 1036 2772 quemque
1057 2711 1125 2755 suas

35 2772 96 2833 bad
115 2776 310 2841 sollicitandos
338 2779 527 2859 popularium
551 2778 666 2840 animos
695 2778 814 2839 dimisit.
858 2778 975 2858 Scipio,
1005 2779 1162 2839 eaedema

69 2875 119 2920 un
132 2862 247 2942 signnm
271 2864 446 2927 defectionis
462 2864 595 2925 omnium
615 2862 765 2925 Gallorum
781 2882 846 2924 esse
860 2871 941 2925 ratam
955 2872 1124 2925 contactos-

70 2959 115 3019 que
134 2966 168 3007 eo
188 2950 303 3011 scelere
324 2950 409 3010 uelut
428 2950 535 3011 iniecta
557 2947 638 3010 rabie
661 2948 696 3009 ad
720 2965 801 3009 arma
822 2947 926 3021 ituros,
948 2965 1127 3027 quamquam
1147 2954 1162 3003 4

68 3030 150 3104 grauis
163 3032 259 3096 adbuc
275 3033 400 3096 uulnere
415 3043 487 3107 erat,
502 3044 601 3095 umen
618 3041 723 3112 quarta
738 3032 836 3112 uigilia
852 3032 949 3095 noctis
965 3032 1126 3111 insequen-

69 3112 97 3173 tis
114 3117 197 3179 tacito
219 3119 337 3199 agmine
365 3120 517 3199 proiectus
544 3118 579 3179 ad
602 3117 740 3179 Trebiam
768 3118 892 3178 fluuium
925 3116 982 3178 iam
1008 3117 1039 3179 in
1062 3118 1126 3178 loca

69 3246 254 3266 Ἢ

140 3339 150 3385 1
170 3336 259 3389 ticinio
275 3337 316 3401 1²¹,
335 3352 404 3388 corr.
420 3335 455 3387 ΡΒ
466 3336 476 3403 ΙΙ
489 3339 504 3389 3
520 3336 603 3403 adque
616 3337 640 3385 P
649 3336 658 3402 ΙΙ
672 3340 687 3389 5
700 3339 835 3388 sexcentos
848 3337 890 3399 (=
903 3337 945 3398 nc)
962 3334 1022 3386 noll.
1034 3334 1126 3400 Polyb.

68 3394 162 3465 didm
179 3403 260 3458 oron
288 3402 472 3471 baecPllripa
491 3403 646 3471 padiGron.
674 3402 806 3468 rapadiP¹
830 3401 981 3470 ripaP¹ll
998 3401 1127 3454 labentem

69 3464 315 3531 trebentensem
343 3477 472 3525 trasnnsse
489 3471 704 3540 fflssannibalem
722 3471 765 3538 Pl
780 3473 812 3525 ll
829 3485 889 3523 nam
907 3476 1030 3536 neqneg
1057 3484 1127 3521 nam-

71 3546 110 3607 qtt
126 3536 163 3603 Pl
177 3542 208 3592 tt
226 3545 252 3592 et
270 3544 289 3605 ς
315 3539 361 3592 secl
378 3538 419 3608 ΡΙΙ
435 3542 466 3593 15
484 3541 618 3603 Ιηεῐιιηίς
643 3538 738 3591 luerint
756 3538 797 3605 ΡΙΙ
813 3540 844 3591 16
862 3537 977 3604 potiores
996 3543 1017 3601 ς
1040 3542 1128 3603 poste-

70 3611 135 3655 ntres
150 3607 190 3673 ΡΙ
206 3610 237 3659 tt
254 3614 334 3661 ratem
353 3606 402 3675 Pl
423 3610 454 3661 18
472 3612 499 3659 el
518 3609 670 3672 Weissenb,
693 3621 744 3659 ont.
762 3605 805 3673 Pp
819 3608 850 3658 19
871 3606 937 3658 circa
955 3607 979 3657 P
1002 3606 1064 3657 citro
1083 3608 1103 3670 ς
1119 3606 1129 3673 l

71 3666 283 3743 bucentulae
300 3674 388 3729 estP’
414 3682 454 3728 eet
471 3675 503 3728 ad
521 3675 572 3728 dno
591 3674 666 3741 gallis
685 3674 751 3726 iacta
769 3678 810 3725 est
822 3673 854 3726 P¹
866 3673 876 3740 l
889 3673 968 3724 millia
980 3673 1023 3738 Pl
1036 3675 1068 3725 29
1087 3688 1129 3723 ac·

72 3746 143 3789 imm
158 3742 199 3807 Pl,
216 3758 285 3795 corr.
304 3744 338 3797 P²
355 3742 365 3810 l
384 3745 416 3795 30
438 3744 550 3796 dimissit
567 3742 601 3795 1³²
627 3741 739 3793 dimissis
757 3740 817 3808 μυ
835 3742 868 3794 33
887 3741 973 3808 manis
993 3757 1028 3790 ecc
1054 3740 1128 3805 genis

71 3800 154 3871 P'lil
171 3812 277 3864 ueniam
294 3810 400 3879 Pliam
417 3812 444 3864 in
462 3812 506 3863 nel
531 3813 557 3863 in
576 3814 595 3875 ς
620 3810 672 3861 iam
690 3810 713 3859 P
