2734 4250
184 107 226 168 66
584 110 679 165 ΗΒΕΒ
696 110 796 179 llxvll‚
814 115 838 167 4.
857 116 872 167 5
1113 142 1133 175 a.
1148 143 1171 175 u.
1187 142 1209 177 e.
1223 134 1265 175 844

146 282 322 346 tuoluisse.
359 294 481 345 senatus
503 303 564 345 non
588 284 691 364 legatis
713 284 802 347 modo
818 284 948 365 benigne
970 286 1133 365 respondit,
1155 288 1209 349 sed
1233 298 1266 349 et

182 369 248 449 ipse
269 368 381 447 legatos
402 388 471 431 cum
493 368 581 431 donis
602 368 639 431 ad
658 387 760 449 regem
781 369 869 445 misit,
892 370 925 431 L.
947 370 1113 433 Genucium
1137 372 1169 433 P.
1185 372 1262 435 Poe·

145 461 160 514 t
181 453 284 516 tellum
301 453 332 514 P.
350 453 522 534 Popillium
544 455 621 517 dona
636 454 732 516 tulere
749 464 847 533 togam
864 464 894 517 et
916 455 1044 518 tunicam
1068 475 1263 537 purpuream.

145 548 161 599 t
181 539 282 602 sellam
297 538 470 610 eburneam,
492 548 624 619 pateram
645 560 682 601 ex
697 540 830 619 quinque
845 539 947 621 pondo
963 541 1027 603 auri
1042 542 1157 603 lactem.
1188 561 1263 622 prc-

181 625 264 686 tinus
293 633 323 685 et
350 624 425 686 alios
453 624 568 686 Africae
597 624 717 705 regulos
744 625 816 687 inssi
844 626 940 697 adire;
970 626 1006 688 iis
1033 644 1153 706 quoque
1184 642 1303 707 quaes

182 709 341 782 darentur,
369 719 500 789 portata,
528 721 615 789 togae
642 719 813 789 praetextae
840 720 871 773 et
896 720 980 773 terna
1009 710 1110 790 pondo
1140 720 1263 792 paterae

131 804 160 855 10
181 812 296 855 aureae.
340 805 370 856 et
392 795 605 856 Alexandream
627 795 662 856 ad
685 795 890 857 Ptolomaeum
913 805 943 857 et
965 795 1150 875 Cleopatram
1173 815 1263 877 reges

182 879 220 940 lt.
240 880 344 941 Atilius
365 889 396 941 et
417 876 472 941 Μ’.
495 880 604 942 Acilius
625 880 714 960 legati
735 881 772 941 ad
793 880 1084 943 commemorandam
1107 900 1262 945 renouan-

182 964 308 1044 damque
336 965 492 1027 amicitiam
520 965 616 1039 missi3
646 965 724 1027 dona
752 966 846 1027 tulere
868 966 929 1045 regi
953 976 1050 1045 togam
1075 976 1105 1027 et
1125 968 1260 1030 tunicam

181 1067 363 1131 purpuream
385 1069 453 1112 eum
468 1050 540 1111 sella
554 1050 697 1124 eburnea,
719 1051 840 1129 reginae
855 1050 960 1130 pallam
976 1051 1085 1131 pictam
1102 1070 1169 1115 cum
1185 1054 1260 1115 ami·
1286 1066 1317 1117 tlt

182 1136 250 1198 culo
273 1154 436 1215 purpureo.

131 1229 159 1282 tt
266 1220 357 1283 llulta
385 1239 418 1282 ea
446 1230 572 1294 aestate,
599 1238 658 1299 qua
687 1220 759 1281 haec
795 1222 869 1281 lacta
899 1230 986 1293 sunt,
1015 1238 1052 1281 ex
1079 1221 1260 1301 propinquis

183 1305 308 1368 urbibus
327 1306 464 1386 agrisque
487 1306 622 1367 nuntiata
642 1316 714 1368 sunt
736 1305 884 1385 prodigia:
912 1304 1032 1367 Tusculi
1055 1323 1165 1385 agnum
1188 1324 1258 1369 eum

181 1390 275 1453 ubere
289 1392 411 1453 lactenti
423 1400 534 1464 natum,
549 1390 629 1452 louis
644 1390 724 1452 aedis
733 1390 850 1451 eulmen
866 1390 990 1451 fulmine
1005 1391 1095 1452 ictum
1112 1408 1147 1453 ae
1161 1408 1259 1471 prope

132 1487 161 1539 12
182 1477 263 1539 omni
286 1485 364 1538 teoto
381 1476 538 1552 nudatum;
561 1476 653 1537 isdem
668 1476 763 1537 ferme
778 1474 882 1537 diebus
897 1475 1047 1553 Anagniae
1063 1485 1172 1537 terram
1187 1487 1260 1539 ante
1284 1488 1315 1541 lt

182 1571 297 1643 portam
320 1562 408 1622 iotam
429 1561 507 1622 diem
529 1579 563 1622 ae
585 1570 703 1624 noctem
726 1561 791 1623 sine
814 1560 874 1623 ullo
890 1560 967 1638 ignis
982 1560 1122 1622 alimento
1138 1561 1259 1637 arsisse,

182 1656 213 1708 et
241 1647 305 1707 auis
333 1646 370 1707 ad
398 1645 565 1725 Compitum
595 1645 784 1725 Anagninum
813 1646 844 1707 in
874 1646 941 1707 luco
970 1645 1080 1707 Dianae
1111 1646 1197 1708 nidos
1226 1648 1258 1710 iu

130 1740 159 1791 tt
180 1731 338 1793 arboribus
362 1731 531 1810 reliquisse;
560 1731 739 1793 Tarracinae
765 1730 796 1792 in
825 1730 899 1792 mam'
926 1728 1002 1791 haud
1032 1730 1138 1810 procul
1165 1742 1258 1811 portu

181 1834 294 1896 angues
317 1815 529 1894 magnitudinis
549 1816 642 1877 mirae
666 1814 883 1877 lasciuientium
911 1814 1036 1894 piscium
1059 1815 1149 1878 modo
1171 1817 1259 1879 exul-

131 1912 160 1963 11
180 1911 273 1976 tasse;
296 1900 465 1979 Tarquiniis
481 1920 607 1983 porcum
622 1920 690 1964 eum
707 1918 760 1962 ore
774 1900 905 1961 hnmano
920 1899 1063 1977 genitum,
1086 1910 1117 1962 et
1131 1900 1161 1961 in
1185 1919 1258 1981 agro
1282 1914 1315 1967 m

182 1986 330 2066 Capenate
351 1987 388 2047 ad
413 1986 512 2047 lucum
535 1986 680 2047 Feroniae
708 1994 849 2065 quattuor
875 1985 960 2064 signa
986 1985 1133 2063 sanguine
1161 1987 1258 2049 multo

130 2081 159 2134 tt
179 2072 257 2134 diem
278 2089 313 2133 ae
335 2080 454 2134 noctem
477 2070 607 2134 sudasse.
643 2073 718 2134 haec
734 2070 868 2151 prodigia
882 2070 986 2132 hostiis
1001 2069 1162 2134 maioribus
1184 2090 1258 2152 pro·

181 2167 282 2220 curata
303 2159 423 2219 decreto
437 2159 629 2237 pontificum
651 2167 682 2219 et
702 2155 878 2237 supplicatio
896 2155 1020 2218 indiam
1036 2174 1128 2218 unum
1144 2156 1258 2220 Romae

181 2244 218 2305 ad
248 2243 347 2304 omnia
375 2243 558 2322 puluinaria,
586 2243 712 2304 alterum
742 2243 772 2303 in
796 2241 938 2321 Capenati
958 2259 1030 2319 agro
1052 2242 1087 2302 ad
1111 2241 1259 2306 Feroniae

181 2330 281 2392 lucum
304 2328 423 2389 indicta.
1282 2340 1317 2394 ὅ

146 2418 165 2474 t
266 2413 304 2474 ll.
327 2412 458 2475 Valerius
478 2412 585 2474 consul
605 2412 712 2474 litteris
734 2411 860 2482 excitus,
884 2410 1038 2490 prouincia
1060 2411 1256 2492 exercituque

181 2497 319 2560 mandato
334 2498 367 2559 L.
384 2498 486 2560 Cincio
501 2498 639 2577 praetori,
655 2496 692 2558 ll.
707 2496 822 2557 Valerio
839 2495 970 2558 llessalla
985 2496 1136 2574 praelecto
1153 2497 1257 2560 elassis

180 2592 355 2663 camparte
376 2585 499 2644 nauium
525 2582 559 2644 in
581 2582 708 2643 Africam
736 2581 908 2661 praedatum
937 2581 1026 2642 simul
1053 2582 1256 2660 speculatum·

181 2687 254 2749 que,
284 2685 360 2747 quae
382 2668 511 2748 populus
531 2667 781 2745 Carthaginiensis
802 2675 903 2744 ageret
930 2675 1122 2744 pararetque,
1153 2667 1255 2741 misso,

144 2764 159 2816 1
180 2755 243 2834 ipse
258 2753 359 2814 decem
376 2753 505 2815 nauibus
515 2753 638 2815 Romam
651 2753 804 2832 prolectus
818 2769 885 2812 cum
899 2769 1043 2831 prospere
1057 2753 1256 2830 peruenisset,
1280 2765 1318 2818 ω

180 2847 316 2900 senatum
342 2839 489 2918 extemplo
514 2838 631 2912 habuit,
659 2837 712 2900 ubi
741 2837 777 2898 de
804 2837 866 2898 suis
893 2835 984 2898 rebus
1011 2835 1101 2914 gestis
1123 2855 1256 2900 comme-

142 2922 322 2985 tmorauit:
345 2939 412 2983 oum
434 2941 530 2985 annos
552 2941 646 3004 prope
667 2921 818 3002 sexaginta
844 2921 874 2983 in
899 2920 996 2982 Sicilia
1018 2931 1096 2982 terra
1120 2923 1256 3002 marique

249 3110 261 3159 1
282 3112 372 3158 senatu
390 3104 431 3173 Pl
445 3111 472 3157 et
489 3121 540 3156 om.
553 3106 610 3170 ΣῚ
625 3107 641 3157 1
658 3121 683 3173 p.
697 3104 829 3172 petellinm
848 3105 885 3155 ΣΙ
904 3104 1042 3170 postellum
1054 3105 1097 3170 Pl
1110 3107 1126 3156 4
1138 3111 1255 3171 pateram

178 3177 329 3242 Ppateram
348 3189 449 3225 auream
467 3175 505 3223 ΣΙ
522 3175 600 3239 lauri
619 3175 647 3236 P,
665 3189 716 3225 om.
735 3175 771 3224 ΣΙ
790 3172 800 3240 l
816 3175 833 3226 8
851 3177 950 3240 portata
968 3173 1005 3224 Σ1
1024 3179 1094 3240 ports
1112 3174 1183 3239 Pll
1201 3175 1256 3228 ale-

178 3243 310 3296 xandriam
328 3242 366 3293 Σ·
377 3242 388 3308 l
400 3242 583 3308 ptolomaeum
596 3243 639 3308 Pl
650 3249 678 3294 et
691 3241 847 3307 cleopatram
859 3240 1098 3360 Peleopatraxgque
1111 3241 1148 3290 ΣΙ
1160 3241 1170 3309 l
1184 3243 1200 3294 8
1212 3246 1255 3295 m'.

180 3313 309 3378 Sigonius
330 3321 354 3362 ru
379 3309 436 3361 Pa*
452 3310 509 3377 llll
525 3310 589 3362 sella
613 3326 649 3362 ee
671 3310 761 3362 sellam
781 3309 812 3360 P¹
828 3309 839 3376 l
856 3310 886 3361 11
903 3323 933 3360 ea
958 3323 1008 3360 om.
1083 3308 1189 3374 llaetae
1207 3311 1233 3362 P

180 3385 213 3435 tt
231 3395 325 3446 agnum
342 3380 381 3430 2*
397 3393 490 3444 agmon
508 3378 552 3444 Pl
565 3382 597 3432 18
616 3385 707 3430 terram
726 3377 766 3428 Σ1
783 3383 880 3430 ternam
899 3379 940 3441 Pl
955 3379 985 3430 l'l
1004 3378 1061 3429 auis
1078 3375 1115 3427 ἕ
1132 3392 1194 3430 anes
1206 3379 1232 3430 P

180 3449 212 3501 ad
235 3449 273 3498 Σ·
297 3456 324 3500 et
345 3447 377 3499 ad
401 3447 448 3513 Pl
461 3447 608 3510 inagnlnnna
629 3446 674 3513 Pl
690 3447 720 3499 18
739 3446 801 3496 mari
820 3443 856 3495 ΣΙ
875 3459 943 3496 mare
961 3444 1053 3512 Plan
1072 3443 1163 3497 lesdis
1181 3446 1258 3498 ΡΣ*

179 3517 262 3567 lesus
279 3516 311 3567 P¹
327 3515 337 3581 l
356 3517 389 3568 13
412 3514 437 3566 in
461 3515 517 3566 2⁸?
540 3514 616 3576 (an.
634 3515 701 3567 1817
724 3529 759 3564 an.
777 3513 815 3578 2),
839 3527 890 3564 ona.
909 3511 1047 3579 Planum
1066 3513 1113 3574 2⁸,
1137 3528 1188 3564 oua.
1207 3515 1258 3584 Pl
1365 3531 1366 3608 l

180 3586 214 3636 11
230 3592 354 3649 capenate
371 3583 409 3632 Σ·
421 3585 431 3649 Ι
443 3583 558 3635 loroniae
575 3583 617 3648 Pl
630 3585 663 3635 tt
681 3581 779 3648 indigta
797 3581 839 3648 Pl
853 3583 885 3633 18
897 3581 1062 3647 exercituque
1076 3579 1119 3647 Pl
1131 3583 1163 3634 11
1177 3581 1194 3634 1
1206 3583 1257 3646 2⁴,

179 3667 230 3704 ona.
249 3651 342 3718 elas
360 3651 571 3718 speculatumque
589 3651 628 3701 2³
649 3651 809 3718 speculatum
828 3648 874 3716 Pl
888 3651 920 3702 18
938 3654 1064 3715 pareretq.
1082 3648 1178 3715 Plio
1196 3665 1257 3716 per-

178 3719 294 3772 uenisset
310 3720 334 3770 P
353 3719 467 3770 uenisset
484 3719 521 3770 2¹
532 3719 542 3786 l
555 3722 585 3773 81
606 3719 651 3770 ubl
670 3718 742 3770 Pilri
761 3718 811 3778 2¹3
838 3721 944 3783 pariter
959 3720 1072 3768 uariam
1088 3717 1192 3769 eodleer
1210 3719 1257 3782 29,

178 3787 222 3851 22,
233 3789 264 3839 11
281 3789 308 3836 et
324 3785 510 3850 31111131
527 3787 602 3840 annia
620 3785 657 3837 Σ*
671 3787 681 3855 l
693 3786 801 3840 siciliam
819 3787 843 3838 P
