2734 4250
108 145 132 177 ι.
146 132 197 177 cer.
210 136 251 177 sro
492 115 587 169 UBER
604 115 692 178 xxvi,
711 120 752 170 at.
771 120 803 171 35
1142 117 1180 174 41

105 290 169 351 dari
192 290 352 370 placuerat,
375 289 497 351 Romam
518 290 597 351 mitti
617 308 653 351 ac
674 290 785 352 Romae
808 290 921 351 uenire.
949 290 1051 370 signa,
1074 300 1184 352 statuas
1206 300 1235 351 11

105 393 224 449 aeneas,
246 393 323 455 quae
345 384 428 455 capta
450 375 488 436 de
509 374 644 438 hostibus
665 374 851 450 dicerentur,
879 392 954 454 quae
976 394 1080 436 eorum
1100 394 1184 437 sacra

105 479 140 521 ac
169 461 296 541 prolana
324 468 439 532 essent,
468 459 504 521 ad
531 460 707 539 pontificum
738 460 895 539 collegium
922 460 1100 522 reiecerunt
1145 459 1183 521 ob
1206 469 1235 520 13

104 546 180 607 baec
195 545 313 607 decreta
328 545 501 607 maestiores
514 544 675 625 aliquanto,
692 563 780 624 quana
790 545 915 607 Romam
928 555 1082 615 uenerant,
1099 546 1183 607 Cam-

64 642 82 692 5
105 649 201 712 panos
214 631 400 691 dimiserunt.
438 648 495 691 nec
509 630 567 691 iam
582 630 618 701 Q.
634 630 731 692 Fuluii
746 630 898 692 scurrilium
917 630 948 691 iu
964 649 1038 705 sese,
1060 631 1111 692 sed
1125 630 1183 692 ini·

106 716 249 795 quitatem
271 715 360 777 deum
388 724 477 793 atque
498 714 694 777 execrabilem
716 716 866 778 fortunam
888 734 971 777 auam
998 714 1183 777 incusabant.

193 800 327 863 Dimissis
342 799 449 861 Siculis
463 799 679 880 Campanisque
698 800 822 862 dilectus
837 800 963 862 habitus.
999 800 1110 881 scripto
1132 802 1184 861 de·
1197 804 1236 861 35

109 885 180 946 inde
204 886 336 947 exercitu
358 884 395 947 de
417 886 562 964 remigum
578 886 787 966 supplemento
803 884 849 966 agi
864 894 1019 965 coeptum;
1042 887 1073 947 in
1097 902 1184 965 quam
1207 898 1221 948 t

107 988 171 1032 rem
201 988 270 1032 cum
300 989 399 1050 neque
425 970 580 1032 bominum
602 971 674 1032 satis
702 990 773 1044 nee,
797 990 832 1033 ex
854 990 911 1050 qua
933 981 1110 1051 pararentur
1131 972 1184 1033 sti-

48 1066 85 1117 10
107 1054 311 1136 peculiumque
334 1055 520 1134 acciperent,
550 1056 694 1136 pecuniae
717 1056 876 1135 quicquam
897 1074 931 1117 ea
954 1064 1126 1137 tempestate
1153 1056 1183 1117 in

107 1141 231 1221 publico
254 1149 340 1213 esset,
362 1140 519 1202 edixerunt
540 1140 694 1215 consules,
717 1150 749 1201 ut
771 1142 878 1221 priuati
902 1160 936 1202 ex
958 1160 1051 1203 censu
1073 1140 1185 1202 ordini·
1207 1150 1222 1202 t

107 1225 238 1305 busque,
259 1226 337 1289 sicut
357 1236 453 1300 antea,
475 1226 603 1306 remiges
617 1227 725 1287 darent
745 1244 814 1288 cum
835 1225 983 1306 stipendio
1006 1226 1185 1305 cibariisque

108 1311 225 1373 dierum
240 1312 369 1390 triginta
406 1310 485 1372 adid
502 1312 629 1372 edictum
653 1320 754 1373 tantus
767 1312 903 1373 fremitus
917 1311 1082 1383 bominum,
1104 1320 1186 1372 tanta
1204 1320 1220 1370 4

109 1395 274 1475 indignatio
298 1396 366 1470 luit,
392 1405 425 1457 ut
446 1398 540 1476 magis
560 1395 620 1457 dux
643 1414 731 1476 quam
754 1396 875 1458 materia
896 1396 1032 1457 seditioni
1055 1396 1184 1458 deesset:

51 1494 85 1542 1⁶
107 1480 273 1543 secundum
294 1481 411 1543 Siculos
433 1481 657 1561 Campanosque
678 1480 795 1561 plebem
818 1482 981 1544 Romanam
1003 1480 1184 1562 perdendam

107 1566 356 1647 lacerandamque
377 1566 434 1628 sibi
456 1567 595 1629 consules
615 1566 786 1647 sumpsisse.
823 1585 877 1647 per
898 1576 942 1628 tot
959 1584 1055 1628 annos
1073 1565 1185 1627 tributo
1207 1578 1222 1628 t

109 1650 270 1713 exhaustos
292 1652 364 1713 nihil
379 1652 486 1731 reliqui
507 1663 626 1732 praeter
639 1662 750 1714 terram
766 1652 873 1713 nudam
889 1670 924 1713 ac
940 1660 1052 1713 uastam
1067 1650 1184 1713 babere.

110 1746 187 1797 tecta
210 1736 304 1799 bostis
324 1737 501 1811 incendisse,
523 1756 629 1799 seruos
650 1738 713 1818 agri
735 1738 865 1799 cultores
887 1736 1113 1817 rempublicam
1133 1735 1185 1797 ab·

111 1822 231 1883 duxisse
260 1841 343 1883 nunc
363 1823 398 1883 ad
420 1822 554 1884 militiam
576 1840 669 1903 paruo
698 1840 767 1884 aere
795 1823 922 1884 emendo
950 1841 1032 1884 nunc
1061 1821 1186 1900 remiges

54 1917 91 1969 2⁰
111 1906 303 1987 imperando;
329 1908 354 1968 si
376 1907 447 1986 quid
469 1907 519 1969 cui
532 1907 647 1988 argenti
669 1908 784 1969 aerisue
806 1908 903 1982 luerit,
926 1906 1074 1988 stipendio
1097 1906 1186 1968 remi·
1208 1917 1223 1967 t

110 2009 181 2069 gum
205 2001 235 2053 et
256 1991 374 2054 tributis
394 1992 504 2054 annuis
524 1992 662 2054 ablatum.
706 2011 754 2065 se,
784 2001 818 2053 ut
838 1993 924 2066 dent,
947 1991 1027 2072 quod
1049 2011 1110 2054 non
1133 1990 1186 2052 ba-

111 2075 214 2151 beant,
238 2076 319 2140 nulla
333 2078 374 2151 ui,
396 2077 479 2140 nullo
494 2077 619 2160 imperio
635 2078 700 2158 cogi
716 2096 814 2159 posse.
847 2077 926 2140 bona
942 2096 994 2140 sua
1010 2076 1185 2150 uenderent,

112 2163 143 2223 in
166 2181 310 2242 corpora,
340 2181 415 2243 quae
443 2163 555 2243 reliqua
583 2173 699 2238 essent,
728 2163 889 2227 saeuirent.
933 2183 972 2223 ne
1001 2163 1081 2223 unde
1108 2162 1186 2223 redi-

112 2257 234 2309 mantur
260 2249 378 2327 quidem
409 2249 567 2329 quicquam
594 2268 760 2330 superesse.
805 2248 877 2310 baec
907 2266 968 2309 uon
999 2248 1030 2308 in
1060 2247 1223 2320 occulto,t

58 2341 92 2392 z
112 2331 164 2394 sed
188 2333 341 2414 propalam
366 2334 396 2396 in
419 2335 485 2394 loro
514 2344 603 2412 atque
625 2333 719 2396 oculis
747 2334 878 2413 ipsorum
901 2331 1058 2394 consulum
1080 2332 1187 2411 ingens

112 2416 201 2480 turba
232 2418 402 2480 circumfusi
432 2418 612 2492 tremebant,
642 2437 698 2480 nec
729 2438 780 2480 cos
809 2419 912 2480 sedare
940 2417 1078 2480 consules
1107 2424 1225 2477 nuncs

3 2552 4 2565 ,
114 2503 284 2584 castigando
308 2521 391 2565 nunc
412 2503 594 2566 consolando
616 2513 764 2584 poterant.
799 2503 934 2583 vspatium
949 2502 1056 2564 deinde
1078 2501 1112 2564 iis
1134 2501 1186 2562 tri-

113 2586 166 2649 dui
188 2607 220 2650 ss
241 2589 312 2650 dare
333 2586 371 2650 ad
392 2588 581 2670 cogitandum
603 2588 759 2662 dixerunt;
788 2607 848 2668 quo
870 2587 926 2669 ipsi
949 2586 985 2648 ad
1007 2605 1071 2648 rem
1094 2586 1187 2665 inspi-

114 2671 250 2734 ciendam
272 2684 302 2734 et
324 2673 535 2755 expediendam
558 2673 603 2735 usi
624 2684 704 2736 sunt.
748 2683 885 2736 senatum
914 2682 1035 2752 postero
1060 2671 1108 2734 die
1135 2670 1187 2732 ba·
1209 2679 1224 2730 9

58 2765 90 2817 au
114 2756 248 2819 buerunt
261 2757 299 2819 de
313 2759 459 2838 remigum
474 2759 700 2839 supplemento;
716 2758 767 2819 ubi
781 2777 849 2820 cum
862 2759 954 2822 multa
969 2757 1186 2830 disseruissent,

114 2861 171 2904 cur
192 2861 286 2922 aequa
307 2843 402 2923 plebis
424 2843 571 2906 recusatio
592 2854 685 2917 esset,
714 2854 870 2905 uerterunt
892 2843 1057 2905 orationem
1079 2861 1131 2916 eo,
1154 2849 1188 2902 ut

115 2927 250 2989 dicerent
270 2929 394 3008 priuatis
414 2929 445 2991 id
466 2947 519 2991 seu
541 2947 667 3008 aequum
691 2948 743 2991 seu
766 2929 901 3008 iniquum
924 2948 1001 2990 onus
1028 2929 1188 3007 iniungen-

115 3013 186 3074 dum
209 3032 289 3076 essc:
313 3031 382 3076 nam
404 3015 494 3089 unde,
517 3032 585 3076 cum
605 3014 730 3094 pecunia
753 3014 783 3074 in
806 3015 919 3076 aerario
943 3032 1003 3076 non
1027 3023 1114 3084 essct,
1136 3029 1188 3091 pa·
1212 3019 1240 3070 tu

115 3108 235 3161 raturos
256 3099 370 3162 naualis
397 3095 517 3162 sociosl
546 3117 605 3179 quo
633 3100 723 3160 modo
753 3108 851 3160 autem
879 3099 944 3160 sine
972 3097 1114 3160 classibus
1139 3104 1190 3156 aut

63 3190 94 3241 ab
115 3183 246 3245 Siciliam
262 3183 392 3264 optineri
413 3194 465 3246 aut
478 3183 561 3246 ltalia
576 3182 745 3264 Philippum
767 3183 861 3245 arceri
877 3202 965 3264 posse
987 3191 1038 3244 aut
1054 3190 1116 3244 tuta
1131 3179 1188 3241 lta·

185 3389 199 3438 t
218 3385 776 3454 scribtoPlssexereltnsPlregimumPl
788 3384 908 3453 quamP’
919 3383 1073 3452 aquamP¹l
1088 3387 1116 3437 11
1129 3399 1189 3436 con·

114 3453 186 3506 salec
202 3452 239 3505 Ρ
255 3462 366 3506 coneum
378 3452 498 3506 consules
509 3453 541 3505 Ρ·
554 3453 564 3521 Ι
576 3454 668 3521 priuati
680 3454 797 3506 Froben.
810 3453 877 3506 1531
888 3451 1008 3521 priuatim
1020 3450 1062 3521 Pl
1077 3455 1109 3506 tt
1121 3451 1190 3505 ciba-

114 3521 212 3588 riisque
229 3526 251 3586 ς
266 3519 397 3590 dmiisque
414 3522 438 3572 P
471 3524 503 3575 14
513 3536 589 3588 mage
602 3521 644 3589 Pl
659 3525 691 3575 19
703 3537 754 3574 nun
768 3521 877 3588 remiges
889 3520 931 3589 ΡΙΙ
945 3522 977 3575 20
990 3522 1088 3588 imperi
1100 3519 1104 3590 Ι
1115 3522 1137 3574 si
1150 3524 1173 3574 P

116 3590 146 3641 21
166 3603 195 3642 se
214 3598 244 3641 ut
262 3591 294 3640 Ρι
312 3603 359 3643 seu
375 3587 431 3657 ΡΙ
462 3591 479 3642 d
497 3604 632 3656 superesse
649 3594 669 3654 ς
685 3589 802 3657 superior
819 3604 878 3642 esse
891 3589 922 3640 P²
937 3589 1055 3656 superins
1067 3604 1124 3642 esse
1137 3589 1184 3649 ΡΙ

116 3659 149 3711 26
166 3657 291 3710 eosedare
312 3659 336 3710 P
351 3659 405 3722 121
424 3657 581 3710 consulando
599 3658 622 3709 P
638 3658 648 3720 Ι
663 3656 740 3709 tridui
758 3663 778 3723 ς
801 3658 931 3722 Sigonius
955 3658 1031 3709 tribui
1049 3658 1074 3709 P
1086 3659 1096 3725 ll
1109 3660 1141 3712 29
1164 3665 1191 3710 et

115 3723 282 3846 ebcpbasskl,
300 3741 351 3777 om.
370 3727 457 3794 prat
476 3740 621 3793 curaeque
639 3726 663 3776 P
678 3741 805 3794 curaeque
822 3732 842 3792 ς
864 3727 1013 3779 Salmasius
1025 3726 1035 3794 ΙΙ
1048 3727 1080 3779 33
1099 3741 1191 3793 paecu-

114 3808 157 3846 nra
