2734 4250
80 188 104 221 ι.
120 176 178 219 car.
192 178 232 220 arr
503 156 597 212 uana
615 158 704 225 xxvl,
725 162 755 214 ta
1128 158 1168 217 lb

79 340 180 411 negat
202 349 269 406 eos,
293 331 344 412 qui
367 331 403 393 de
425 331 530 412 legatis
552 339 581 393 et
603 330 640 392 de
661 350 735 412 paee
757 350 792 394 ac
820 331 969 393 deditione
999 332 1169 412 loquantur,
1191 340 1206 391 t

79 416 272 489 meminisse,
295 435 352 477 nec
374 416 444 495 qnid
466 417 574 478 lacturi
595 418 725 489 luerint,
748 418 773 479 si
796 416 947 479 Romanos
969 417 999 479 in
1022 427 1169 498 potestate

80 502 273 578 habuissent,
298 520 354 564 nec
377 502 448 582 quid
470 502 541 582 ipsis
562 501 734 584 patiendum
757 503 804 564 sit.
845 494 956 582 ‘quid?
978 494 1046 565 uos'
1072 502 1170 583 inquit
1190 512 1206 563 1

77 582 165 649 ‘eam
180 586 363 649 deditionem
382 589 445 649 tore
460 588 598 662 censetis,
620 606 679 667 qna
695 587 855 668 quondam,
879 597 913 649 ut
927 588 1070 650 aduersus
1085 588 1169 650 Sam·

39 682 56 731 t
80 673 167 735 nites
195 671 337 733 auxilium
365 672 604 752 impetraremus,
632 691 690 734 nos
717 682 877 753 nostreque
906 674 1005 735 omnia
1027 673 1169 735 Romanis

80 754 278 820 dedidimus?
313 758 371 819 iam
394 776 411 819 e
433 758 575 820 memoria
598 758 736 831 excessit,
765 776 826 837 quo
848 767 983 838 tempore
1005 770 1035 821 ot
1057 759 1088 820 in
1112 768 1207 839 quan
1269 750 1276 765 '

81 844 210 905 fortuna
227 842 371 923 apopulo
385 841 520 904 Romano
535 840 753 905 defecerimus?
785 844 853 917 iam,
876 862 965 921 quem
987 844 1022 905 ad
1046 846 1167 906 modum

81 930 116 990 in
141 928 311 991 delectione
333 928 530 1009 praesidium,
555 928 634 1009 qnod
657 936 774 1009 poterat
795 928 899 1003 emitti,
922 946 976 1009 per
1004 930 1167 991 cruciatum

82 1022 116 1075 et
137 1012 176 1075 ud
199 1013 411 1075 contumeliam
438 1011 628 1076 necarimns?
671 1014 810 1093 quotiens
838 1015 869 1075 in
894 1013 1057 1093 opsidentis
1080 1026 1205 1094 qnamss

27 1107 58 1157 tu
80 1099 209 1161 inimice
223 1098 421 1178 eruperimus,
443 1108 538 1160 castra
556 1098 802 1179 oppugnarimus,
826 1098 1022 1160 Hannibalem
1039 1118 1167 1161 uocaue-

82 1186 183 1246 rimus
204 1184 240 1245 ad
262 1183 476 1264 opprimendos
497 1203 564 1257 eos,
592 1185 650 1246 boc
671 1184 752 1264 quod
775 1184 1011 1246 recentissimum
1042 1194 1101 1259 est,
1131 1184 1167 1246 ad

82 1270 321 1350 oppugnandam
336 1268 459 1331 Romam
481 1269 553 1331 binc
568 1286 636 1331 eum
651 1266 842 1331 miserimus?
879 1287 932 1349 age
954 1278 1069 1343 contra,
1092 1287 1168 1350 quae
1190 1282 1204 1331 t

81 1355 126 1417 illi
151 1354 260 1417 infeste
282 1355 312 1416 in
338 1373 393 1416 nos
420 1354 563 1429 fecerint,
594 1354 735 1434 repetite,
764 1362 799 1415 nt
820 1372 856 1415 ex
878 1373 914 1415 eo
942 1354 1013 1434 qnid
1041 1356 1168 1435 speretis

80 1438 230 1502 babeatis.
274 1457 342 1501 cum
373 1440 467 1501 hostis
494 1439 659 1519 alienigena
688 1439 718 1500 in
741 1438 822 1500 ltalia
846 1448 938 1513 esset,
967 1450 996 1501 et
1019 1439 1167 1501 Hannibal

28 1524 192 1597 renoscis,
216 1533 248 1585 et
267 1534 376 1586 cuncta
399 1524 477 1586 bello
492 1524 642 1595 arderent,
665 1524 781 1587 omissis
796 1524 945 1600 omnibns,
968 1525 1077 1587 omisso
1100 1526 1165 1605 ipso

81 1608 257 1671 Hannibale
266 1608 354 1671 ambo
370 1609 509 1671 consules
523 1617 555 1670 et
568 1611 627 1671 dno
642 1610 815 1671 consulares
830 1611 977 1672 exercitus
991 1610 1026 1671 ad
1038 1610 1166 1691 Capuam

82 1694 320 1776 oppugnandam
344 1694 498 1756 miserunt.
535 1694 661 1756 alterum
682 1713 794 1756 annum
813 1695 1049 1757 circumuallatos
1071 1696 1205 1758 indu-8

82 1798 198 1860 sosque
220 1798 277 1841 nos
299 1782 376 1841 lame
398 1788 565 1853 macerant,
595 1788 625 1841 ot
652 1780 709 1860 ipsi
731 1780 887 1842 nobiscum
911 1779 1010 1843 ultima
1034 1782 1166 1861 pericula

82 1875 116 1927 et
136 1864 331 1944 grauissimos
351 1863 469 1927 labores
490 1864 641 1945 perpessi,
670 1866 749 1927 eirca
776 1866 885 1927 uallum
909 1884 943 1926 ao
965 1868 1058 1928 lossas
1079 1886 1167 1948 saepe

29 1960 58 2013 1)
81 1950 226 2012 trucidati
248 1968 282 2011 ac
296 1968 391 2030 prope
405 1952 440 2011 ad
456 1960 621 2011 extremum
638 1951 743 2012 castris
764 1951 853 2012 exuti.
890 1951 940 2013 sed
957 1952 1061 2014 omitto
1077 1952 1165 2015 haec:
1187 1962 1203 2012 9

80 2045 175 2097 uetus
197 2044 285 2115 atque
300 2035 405 2098 usitata
420 2054 468 2097 res
482 2044 528 2097 est
544 2036 575 2097 in
592 2036 792 2116 oppugnanda
808 2035 937 2097 hostium
952 2036 1028 2098 urbe
1049 2037 1166 2101 labores

82 2141 121 2184 ae
142 2120 274 2203 pericula
296 2121 366 2202 pati.
403 2120 474 2183 illud
497 2123 559 2183 irae
581 2131 670 2200 atque
691 2119 750 2182 odii
767 2119 940 2184 execrabilis
962 2123 1164 2203 inexpiabilis·

82 2225 145 2287 qne
166 2207 307 2268 indicium
323 2217 382 2268 ests
406 2205 555 2268 llannibal
569 2205 742 2286 ingentibus
758 2207 852 2287 copiis
867 2207 998 2286 peditum
1015 2209 1166 2286 equitum·
1188 2218 1220 2272 to

83 2309 146 2372 que
168 2301 264 2354 castra
286 2292 474 2372 oppugnauit
494 2301 524 2354 et
546 2300 689 2370 exparte
712 2292 806 2372 cepit:
829 2300 913 2353 tanto
936 2292 1069 2371 periculo
1093 2291 1166 2354 nibil

28 2387 59 2440 25
82 2377 159 2438 moti
185 2385 257 2439 sunt
284 2379 321 2439 ab
351 2377 521 2451 obsidione;
551 2378 703 2456 protectus
731 2387 814 2439 trans
836 2376 1015 2438 Vulturnum
1038 2378 1168 2457 perussit

85 2461 229 2524 &lenum
251 2480 370 2543 agrum:
403 2462 476 2524 nihil
502 2471 584 2524 tanta
604 2463 755 2524 sociorum
778 2461 860 2524 clade
883 2463 999 2523 auocati
1021 2471 1108 2538 sunt;
1130 2462 1167 2523 ad
1189 2473 1217 2524 11

84 2549 180 2628 ipsam
205 2546 308 2609 urbem
331 2547 456 2609 llomam
479 2548 584 2610 inlesta
613 2547 697 2627 signa
723 2547 795 2608 lerri
824 2545 923 2608 iussit:
952 2564 1017 2608 eam
1047 2565 1167 2627 quoque

86 2641 292 2712 tempestatem
321 2632 527 2694 imminentem
560 2640 758 2713 sprenernnt;
790 2641 992 2712 transgressus
1020 2633 1167 2694 Anienem

85 2735 206 2780 amnem
228 2718 283 2779 tria
305 2717 385 2779 milia
409 2736 528 2798 passum
550 2717 588 2779 ab
611 2717 686 2780 urbe
708 2725 802 2779 castra
825 2717 934 2797 posuit,
957 2729 1110 2797 postremo
1131 2719 1166 2780 ad

33 2814 64 2867 eo
85 2803 205 2865 moenia
228 2803 291 2882 ipsa
313 2803 400 2864 etad
423 2812 525 2883 portas
540 2804 674 2876 accessit,
697 2802 820 2864 Romam
837 2821 868 2864 se
883 2802 1091 2885 adempturum
1115 2805 1166 2879 eis,

86 2889 145 2951 nisi
161 2887 332 2950 omitterent
346 2887 486 2968 Capuam,
502 2888 646 2950 ostendit:
665 2906 726 2950 non
742 2887 915 2950 omiserunt.
953 2889 1031 2952 feras
1045 2889 1165 2962 bestias,
1188 2899 1217 2950 11

86 2992 177 3036 caeco
199 2972 313 3053 impetu
335 2991 369 3034 ao
383 2973 466 3036 rabie
481 2973 653 3048 concitatas,
675 2973 699 3035 si
715 2973 751 3034 ad
768 2972 875 3035 cubilia
891 2982 920 3034 et
936 2975 1049 3036 catulos
1065 2993 1166 3036 earum

86 3062 132 3121 im
153 3077 274 3138 pergas,
303 3059 340 3119 ad
364 3077 451 3138 opem
480 3059 543 3121 suis
563 3059 715 3121 terendam
740 3067 870 3122 anemos:
901 3057 1051 3121 Romanos
1074 3060 1167 3121 Roma
1190 3069 1220 3119 11

2 3182 3 3185 =
87 3145 291 3218 circumsessa,
307 3144 461 3224 coniuges,
474 3143 571 3221 liberi,
587 3162 716 3224 quorum
732 3143 865 3224 ploratus
879 3143 950 3204 hino
965 3163 1059 3224 prope
1074 3163 1165 3206 exan-

157 3296 173 3346 1
191 3293 303 3363 nequid
321 3295 411 3347 lecturi
430 3293 501 3362 Pto
518 3293 663 3347 dedidimus
680 3295 788 3347 Modica
809 3293 925 3347 dedimus
943 3292 1014 3362 Pl't
1032 3308 1045 3344 a
1066 3308 1090 3359 p,
1107 3309 1126 3346 r.
1146 3294 1170 3345 Ρ

88 3361 177 3432 populi
194 3363 292 3415 romani
310 3361 383 3416 Aion
399 3363 459 3414 nm.
472 3362 530 3444 bio.
543 3361 649 3428 111321
665 3365 694 3416 11
716 3364 765 3415 boc
782 3364 807 3414 P
821 3379 851 3444 ae
868 3361 1012 3429 Doeringl
1028 3364 1059 3414 12
1078 3367 1165 3444 contra

89 3430 667 3567 11111131111111111
681 3429 1166 3566 11111111111111

90 3570 123 3622 12
138 3567 301 3634 inexpiabilis
325 3566 542 3634 exsecrabilisque
559 3563 713 3628 Alschefski
736 3569 872 3630 (ordinem
895 3571 962 3619 mut.
983 3567 1166 3634 Wesenberg),

89 3637 156 3689 adea
177 3636 223 3687 uel
242 3635 416 3702 implacabilis
433 3635 584 3687 execrabilis
604 3651 636 3687 ne
655 3635 843 3688 Weissenborn
862 3635 1065 3703 execrabilisqne
1085 3636 1108 3686 P
1124 3651 1166 3687 ex-

89 3704 219 3758 eeerebilie
239 3709 259 3770 ς
282 3703 449 3757 inexorabilis
474 3651 676 3771 execrebiiisque
699 3704 744 3755 uel
767 3702 921 3756 execrabilis
948 3703 1165 3771 inexorabilisque

89 3772 310 3893 mpd‘w'm
324 3773 357 3825 28
374 3778 543 3840 spreenernnt
559 3771 602 3838 ΡΙ
615 3773 648 3825 211
665 3772 746 3824 millia
764 3771 806 3841 ΡΙ
820 3775 853 3826 30
872 3771 958 3823 monia
975 3772 1009 3824 Ρ*
1021 3773 1108 3840 mynia
1121 3772 1167 3822 uel

88 3856 170 3896 mone
