<?xml version="1.0" encoding="UTF-8"?>
<!DOCTYPE html PUBLIC "-//W3C//DTD XHTML 1.0 Transitional//EN"
    "http://www.w3.org/TR/xhtml1/DTD/xhtml1-transitional.dtd">
<html xmlns="http://www.w3.org/1999/xhtml" xml:lang="en" lang="en">
 <head>
  <title>
</title>
<meta http-equiv="Content-Type" content="text/html;charset=utf-8" />
  <meta name='ocr-system' content='tesseract 3.04.00' />
  <meta name='ocr-capabilities' content='ocr_page ocr_carea ocr_par ocr_line ocrx_word'/>
</head>
<body>
  <div class='ocr_page' id='page_1' title='image "./aburbeconditali00paasgoog_0305.png"; bbox 0 0 2734 4250; ppageno 0'>
   <div class='ocr_carea' id='block_1_1' title="bbox 81 128 1139 193">
    <p class='ocr_par' dir='ltr' id='par_1_1' title="bbox 81 128 1139 193">
     <span class='ocr_line' id='line_1_1' title="bbox 81 128 1139 193; baseline 0.006 -8"><span class='ocrx_word' id='word_1_1' title='bbox 81 143 199 187; x_wconf 71' lang='lat' dir='ltr'>aeman</span> <span class='ocrx_word' id='word_1_2' title='bbox 479 128 573 183; x_wconf 70' lang='lat' dir='ltr'>usuri</span> <span class='ocrx_word' id='word_1_3' title='bbox 590 128 668 193; x_wconf 80' lang='lat' dir='ltr'>xxv,</span> <span class='ocrx_word' id='word_1_4' title='bbox 687 134 719 185; x_wconf 76' lang='lat' dir='ltr'>td</span> <span class='ocrx_word' id='word_1_5' title='bbox 1079 132 1139 191; x_wconf 81' lang='lat'>291</span> 
     </span>
    </p>
   </div>
   <div class='ocr_carea' id='block_1_2' title="bbox 47 300 1178 809">
    <p class='ocr_par' dir='ltr' id='par_1_2' title="bbox 47 300 1178 809">
     <span class='ocr_line' id='line_1_2' title="bbox 78 300 1141 381; baseline 0.005 -20"><span class='ocrx_word' id='word_1_6' title='bbox 78 300 110 361; x_wconf 91' lang='lat' dir='ltr'>M.</span> <span class='ocrx_word' id='word_1_7' title='bbox 125 300 258 363; x_wconf 89' lang='lat' dir='ltr'>Marcello</span> <span class='ocrx_word' id='word_1_8' title='bbox 281 301 390 380; x_wconf 88' lang='lat' dir='ltr'>templa</span> <span class='ocrx_word' id='word_1_9' title='bbox 406 309 528 381; x_wconf 89' lang='lat' dir='ltr'>propter</span> <span class='ocrx_word' id='word_1_10' title='bbox 542 302 716 364; x_wconf 81' lang='lat' dir='ltr'>excellentia</span> <span class='ocrx_word' id='word_1_11' title='bbox 739 302 802 365; x_wconf 91' lang='lat' dir='ltr'>eius</span> <span class='ocrx_word' id='word_1_12' title='bbox 816 304 935 381; x_wconf 88' lang='lat' dir='ltr'>generis</span> <span class='ocrx_word' id='word_1_13' title='bbox 957 312 1141 377; x_wconf 86' lang='lat' dir='ltr'>ornamenta,</span> 
     </span>
     <span class='ocr_line' id='line_1_3' title="bbox 78 387 647 467; baseline 0.004 -22"><span class='ocrx_word' id='word_1_14' title='bbox 78 404 195 463; x_wconf 90' lang='lat' dir='ltr'>quorum</span> <span class='ocrx_word' id='word_1_15' title='bbox 215 387 375 466; x_wconf 83' lang='lat' dir='ltr'>perexigua</span> <span class='ocrx_word' id='word_1_16' title='bbox 396 404 466 465; x_wconf 88' lang='lat' dir='ltr'>pars</span> <span class='ocrx_word' id='word_1_17' title='bbox 486 396 647 467; x_wconf 87' lang='lat' dir='ltr'>comparet.</span> 
     </span>
     <span class='ocr_line' id='line_1_4' title="bbox 156 470 1178 551; baseline 0.001 -19"><span class='ocrx_word' id='word_1_18' title='bbox 156 470 328 551; x_wconf 82' lang='lat' dir='ltr'>Legationes</span> <span class='ocrx_word' id='word_1_19' title='bbox 343 471 476 533; x_wconf 88' lang='lat' dir='ltr'>omnium</span> <span class='ocrx_word' id='word_1_20' title='bbox 498 473 591 533; x_wconf 89' lang='lat' dir='ltr'>lerme</span> <span class='ocrx_word' id='word_1_21' title='bbox 611 471 775 534; x_wconf 85' lang='lat' dir='ltr'>ciuitatium</span> <span class='ocrx_word' id='word_1_22' title='bbox 791 471 906 534; x_wconf 83' lang='lat' dir='ltr'>Siciliae</span> <span class='ocrx_word' id='word_1_23' title='bbox 927 474 962 535; x_wconf 94' lang='lat' dir='ltr'>ad</span> <span class='ocrx_word' id='word_1_24' title='bbox 985 490 1053 535; x_wconf 93' lang='lat' dir='ltr'>eum</span> <span class='ocrx_word' id='word_1_25' title='bbox 1068 492 1142 535; x_wconf 90' lang='lat' dir='ltr'>con·</span> <span class='ocrx_word' id='word_1_26' title='bbox 1163 484 1178 533; x_wconf 84' lang='lat' dir='ltr'>t</span> 
     </span>
     <span class='ocr_line' id='line_1_5' title="bbox 79 554 1141 637; baseline 0.003 -22"><span class='ocrx_word' id='word_1_27' title='bbox 79 554 237 617; x_wconf 88' lang='lat' dir='ltr'>ueniebant.</span> <span class='ocrx_word' id='word_1_28' title='bbox 274 556 374 636; x_wconf 89' lang='lat' dir='ltr'>dispar</span> <span class='ocrx_word' id='word_1_29' title='bbox 396 565 428 617; x_wconf 89' lang='lat' dir='ltr'>ut</span> <span class='ocrx_word' id='word_1_30' title='bbox 448 574 536 619; x_wconf 90' lang='lat' dir='ltr'>causa</span> <span class='ocrx_word' id='word_1_31' title='bbox 557 574 658 619; x_wconf 90' lang='lat' dir='ltr'>earum</span> <span class='ocrx_word' id='word_1_32' title='bbox 681 557 720 618; x_wconf 93' lang='lat' dir='ltr'>ita</span> <span class='ocrx_word' id='word_1_33' title='bbox 740 558 875 618; x_wconf 89' lang='lat' dir='ltr'>condicio</span> <span class='ocrx_word' id='word_1_34' title='bbox 899 567 970 620; x_wconf 89' lang='lat' dir='ltr'>erat.</span> <span class='ocrx_word' id='word_1_35' title='bbox 1007 558 1141 637; x_wconf 89' lang='lat' dir='ltr'>quiante</span> 
     </span>
     <span class='ocr_line' id='line_1_6' title="bbox 47 640 1140 722; baseline 0.003 -21"><span class='ocrx_word' id='word_1_36' title='bbox 47 648 59 695; x_wconf 78' lang='grc' dir='ltr'>ι</span> <span class='ocrx_word' id='word_1_37' title='bbox 77 650 168 719; x_wconf 86' lang='lat' dir='ltr'>raptas</span> <span class='ocrx_word' id='word_1_38' title='bbox 181 640 340 722; x_wconf 88' lang='lat' dir='ltr'>Syracusas</span> <span class='ocrx_word' id='word_1_39' title='bbox 353 650 404 702; x_wconf 92' lang='lat' dir='ltr'>aut</span> <span class='ocrx_word' id='word_1_40' title='bbox 419 659 479 702; x_wconf 91' lang='lat' dir='ltr'>uon</span> <span class='ocrx_word' id='word_1_41' title='bbox 496 642 684 703; x_wconf 90' lang='lat' dir='ltr'>desciuerant</span> <span class='ocrx_word' id='word_1_42' title='bbox 699 650 749 703; x_wconf 91' lang='lat' dir='ltr'>aut</span> <span class='ocrx_word' id='word_1_43' title='bbox 763 642 913 704; x_wconf 89' lang='lat' dir='ltr'>redierant</span> <span class='ocrx_word' id='word_1_44' title='bbox 926 644 957 704; x_wconf 90' lang='lat' dir='ltr'>in</span> <span class='ocrx_word' id='word_1_45' title='bbox 974 643 1140 717; x_wconf 88' lang='lat' dir='ltr'>amicitiam,</span> 
     </span>
     <span class='ocr_line' id='line_1_7' title="bbox 77 726 1141 809; baseline 0.004 -24"><span class='ocrx_word' id='word_1_46' title='bbox 77 733 107 785; x_wconf 91' lang='lat' dir='ltr'>ut</span> <span class='ocrx_word' id='word_1_47' title='bbox 125 726 195 787; x_wconf 91' lang='lat' dir='ltr'>socii</span> <span class='ocrx_word' id='word_1_48' title='bbox 215 726 318 789; x_wconf 85' lang='lat' dir='ltr'>lidelrs</span> <span class='ocrx_word' id='word_1_49' title='bbox 336 726 450 806; x_wconf 92' lang='lat' dir='ltr'>accepti</span> <span class='ocrx_word' id='word_1_50' title='bbox 471 726 616 806; x_wconf 73' lang='lat' dir='ltr'>cultique,</span> <span class='ocrx_word' id='word_1_51' title='bbox 638 746 714 805; x_wconf 88' lang='lat' dir='ltr'>quos</span> <span class='ocrx_word' id='word_1_52' title='bbox 729 737 825 789; x_wconf 90' lang='lat' dir='ltr'>metus</span> <span class='ocrx_word' id='word_1_53' title='bbox 847 738 915 807; x_wconf 92' lang='lat' dir='ltr'>post</span> <span class='ocrx_word' id='word_1_54' title='bbox 936 736 1036 809; x_wconf 91' lang='lat' dir='ltr'>captas</span> <span class='ocrx_word' id='word_1_55' title='bbox 1052 728 1141 809; x_wconf 91' lang='lat' dir='ltr'>Syra·</span> 
     </span>
    </p>
   </div>
   <div class='ocr_carea' id='block_1_3' title="bbox 37 810 1201 3270">
    <p class='ocr_par' dir='ltr' id='par_1_3' title="bbox 77 810 1179 1061">
     <span class='ocr_line' id='line_1_8' title="bbox 78 810 1179 892; baseline -0.001 -20"><span class='ocrx_word' id='word_1_56' title='bbox 78 828 155 872; x_wconf 80' lang='lat' dir='ltr'>eruas</span> <span class='ocrx_word' id='word_1_57' title='bbox 178 810 344 884; x_wconf 85' lang='lat' dir='ltr'>dediderat,</span> <span class='ocrx_word' id='word_1_58' title='bbox 373 819 407 871; x_wconf 91' lang='lat' dir='ltr'>nt</span> <span class='ocrx_word' id='word_1_59' title='bbox 433 811 505 873; x_wconf 90' lang='lat' dir='ltr'>uicti</span> <span class='ocrx_word' id='word_1_60' title='bbox 533 830 550 871; x_wconf 90' lang='lat' dir='ltr'>a</span> <span class='ocrx_word' id='word_1_61' title='bbox 575 812 690 873; x_wconf 87' lang='lat' dir='ltr'>uictore</span> <span class='ocrx_word' id='word_1_62' title='bbox 718 813 797 891; x_wconf 92' lang='lat' dir='ltr'>leges</span> <span class='ocrx_word' id='word_1_63' title='bbox 825 822 1014 892; x_wconf 88' lang='lat' dir='ltr'>acceperunt.</span> <span class='ocrx_word' id='word_1_64' title='bbox 1059 821 1179 874; x_wconf 80' lang='lat' dir='ltr'>arants</span> 
     </span>
     <span class='ocr_line' id='line_1_9' title="bbox 77 895 1141 977; baseline 0.006 -24"><span class='ocrx_word' id='word_1_65' title='bbox 77 903 167 957; x_wconf 89' lang='lat' dir='ltr'>tamen</span> <span class='ocrx_word' id='word_1_66' title='bbox 189 896 267 957; x_wconf 87' lang='lat' dir='ltr'>haud</span> <span class='ocrx_word' id='word_1_67' title='bbox 288 914 398 975; x_wconf 90' lang='lat' dir='ltr'>paruae</span> <span class='ocrx_word' id='word_1_68' title='bbox 421 895 562 975; x_wconf 80' lang='lat' dir='ltr'>reliquiae</span> <span class='ocrx_word' id='word_1_69' title='bbox 584 896 653 958; x_wconf 83' lang='lat' dir='ltr'>belli</span> <span class='ocrx_word' id='word_1_70' title='bbox 673 897 753 958; x_wconf 88' lang='lat' dir='ltr'>circa</span> <span class='ocrx_word' id='word_1_71' title='bbox 775 898 969 977; x_wconf 78' lang='lat' dir='ltr'>Agrigentum</span> <span class='ocrx_word' id='word_1_72' title='bbox 990 897 1141 972; x_wconf 76' lang='lat' dir='ltr'>Romania,</span> 
     </span>
     <span class='ocr_line' id='line_1_10' title="bbox 78 978 1142 1061; baseline 0.005 -22"><span class='ocrx_word' id='word_1_73' title='bbox 78 978 213 1061; x_wconf 86' lang='lat' dir='ltr'>Epicydes</span> <span class='ocrx_word' id='word_1_74' title='bbox 230 990 260 1042; x_wconf 91' lang='lat' dir='ltr'>et</span> <span class='ocrx_word' id='word_1_75' title='bbox 275 980 392 1054; x_wconf 87' lang='lat' dir='ltr'>Hanno,</span> <span class='ocrx_word' id='word_1_76' title='bbox 414 979 505 1043; x_wconf 89' lang='lat' dir='ltr'>duces</span> <span class='ocrx_word' id='word_1_77' title='bbox 527 981 633 1060; x_wconf 83' lang='lat' dir='ltr'>reliqui</span> <span class='ocrx_word' id='word_1_78' title='bbox 655 981 763 1060; x_wconf 86' lang='lat' dir='ltr'>prioris</span> <span class='ocrx_word' id='word_1_79' title='bbox 778 981 856 1057; x_wconf 91' lang='lat' dir='ltr'>belli,</span> <span class='ocrx_word' id='word_1_80' title='bbox 879 991 909 1043; x_wconf 89' lang='lat' dir='ltr'>et</span> <span class='ocrx_word' id='word_1_81' title='bbox 922 982 1026 1044; x_wconf 91' lang='lat' dir='ltr'>tertius</span> <span class='ocrx_word' id='word_1_82' title='bbox 1045 1001 1142 1044; x_wconf 93' lang='lat' dir='ltr'>nouus</span> 
     </span>
    </p>

    <p class='ocr_par' dir='ltr' id='par_1_4' title="bbox 37 1064 1180 1485">
     <span class='ocr_line' id='line_1_11' title="bbox 37 1064 1141 1148; baseline 0.006 -27"><span class='ocrx_word' id='word_1_83' title='bbox 37 1070 58 1120; x_wconf 80' lang='grc' dir='ltr'>ιιι</span> <span class='ocrx_word' id='word_1_84' title='bbox 79 1064 111 1125; x_wconf 83' lang='lat' dir='ltr'>ab</span> <span class='ocrx_word' id='word_1_85' title='bbox 138 1065 301 1127; x_wconf 87' lang='lat' dir='ltr'>Hannibale</span> <span class='ocrx_word' id='word_1_86' title='bbox 330 1066 360 1127; x_wconf 89' lang='lat' dir='ltr'>in</span> <span class='ocrx_word' id='word_1_87' title='bbox 388 1066 489 1127; x_wconf 92' lang='lat' dir='ltr'>locum</span> <span class='ocrx_word' id='word_1_88' title='bbox 515 1066 703 1146; x_wconf 79' lang='lat' dir='ltr'>Hippocratis</span> <span class='ocrx_word' id='word_1_89' title='bbox 735 1066 858 1140; x_wconf 89' lang='lat' dir='ltr'>missus,</span> <span class='ocrx_word' id='word_1_90' title='bbox 888 1066 1141 1148; x_wconf 78' lang='lat' dir='ltr'>Libyphoenicum</span> 
     </span>
     <span class='ocr_line' id='line_1_12' title="bbox 78 1150 1143 1231; baseline 0.003 -22"><span class='ocrx_word' id='word_1_91' title='bbox 78 1151 187 1226; x_wconf 86' lang='lat' dir='ltr'>generis</span> <span class='ocrx_word' id='word_1_92' title='bbox 209 1150 440 1230; x_wconf 90' lang='lat' dir='ltr'>Hippacritauus</span> <span class='ocrx_word' id='word_1_93' title='bbox 454 1184 497 1195; x_wconf 93' lang='lat'>—</span> <span class='ocrx_word' id='word_1_94' title='bbox 511 1150 657 1213; x_wconf 90' lang='lat' dir='ltr'>Muttinen</span> <span class='ocrx_word' id='word_1_95' title='bbox 680 1151 838 1231; x_wconf 83' lang='lat' dir='ltr'>populares</span> <span class='ocrx_word' id='word_1_96' title='bbox 859 1151 1008 1213; x_wconf 91' lang='lat' dir='ltr'>uocabant</span> <span class='ocrx_word' id='word_1_97' title='bbox 1021 1186 1072 1226; x_wconf 91' lang='lat'>-,</span> <span class='ocrx_word' id='word_1_98' title='bbox 1096 1152 1143 1213; x_wconf 92' lang='lat' dir='ltr'>uir</span> 
     </span>
     <span class='ocr_line' id='line_1_13' title="bbox 77 1233 1142 1316; baseline 0.002 -21"><span class='ocrx_word' id='word_1_99' title='bbox 77 1233 185 1315; x_wconf 88' lang='lat' dir='ltr'>inpiger</span> <span class='ocrx_word' id='word_1_100' title='bbox 214 1243 244 1297; x_wconf 90' lang='lat' dir='ltr'>et</span> <span class='ocrx_word' id='word_1_101' title='bbox 264 1235 321 1298; x_wconf 89' lang='lat' dir='ltr'>sub</span> <span class='ocrx_word' id='word_1_102' title='bbox 344 1234 508 1297; x_wconf 84' lang='lat' dir='ltr'>Hannibale</span> <span class='ocrx_word' id='word_1_103' title='bbox 535 1237 675 1316; x_wconf 91' lang='lat' dir='ltr'>magistro</span> <span class='ocrx_word' id='word_1_104' title='bbox 702 1235 799 1298; x_wconf 91' lang='lat' dir='ltr'>omnis</span> <span class='ocrx_word' id='word_1_105' title='bbox 819 1236 889 1298; x_wconf 86' lang='lat' dir='ltr'>belli</span> <span class='ocrx_word' id='word_1_106' title='bbox 910 1246 989 1299; x_wconf 91' lang='lat' dir='ltr'>artes</span> <span class='ocrx_word' id='word_1_107' title='bbox 1011 1237 1142 1298; x_wconf 68' lang='lat' dir='ltr'>moetus.</span> 
     </span>
     <span class='ocr_line' id='line_1_14' title="bbox 76 1319 1180 1401; baseline 0.001 -22"><span class='ocrx_word' id='word_1_108' title='bbox 76 1319 139 1381; x_wconf 87' lang='lat' dir='ltr'>lruic</span> <span class='ocrx_word' id='word_1_109' title='bbox 159 1320 196 1382; x_wconf 87' lang='lat' dir='ltr'>ab</span> <span class='ocrx_word' id='word_1_110' title='bbox 211 1320 341 1401; x_wconf 75' lang='lat' dir='ltr'>Epicyde</span> <span class='ocrx_word' id='word_1_111' title='bbox 362 1328 393 1381; x_wconf 91' lang='lat' dir='ltr'>et</span> <span class='ocrx_word' id='word_1_112' title='bbox 405 1320 556 1383; x_wconf 88' lang='lat' dir='ltr'>Hannone</span> <span class='ocrx_word' id='word_1_113' title='bbox 569 1321 712 1383; x_wconf 89' lang='lat' dir='ltr'>Numidae</span> <span class='ocrx_word' id='word_1_114' title='bbox 733 1321 792 1382; x_wconf 90' lang='lat' dir='ltr'>dati</span> <span class='ocrx_word' id='word_1_115' title='bbox 808 1322 971 1395; x_wconf 85' lang='lat' dir='ltr'>auxiliares,</span> <span class='ocrx_word' id='word_1_116' title='bbox 993 1340 1061 1383; x_wconf 91' lang='lat' dir='ltr'>cum</span> <span class='ocrx_word' id='word_1_117' title='bbox 1077 1322 1143 1400; x_wconf 88' lang='lat' dir='ltr'>qui·</span> <span class='ocrx_word' id='word_1_118' title='bbox 1165 1330 1180 1380; x_wconf 84' lang='lat' dir='ltr'>t</span> 
     </span>
     <span class='ocr_line' id='line_1_15' title="bbox 77 1402 1142 1485; baseline 0.002 -20"><span class='ocrx_word' id='word_1_119' title='bbox 77 1402 127 1466; x_wconf 80' lang='lat' dir='ltr'>bras</span> <span class='ocrx_word' id='word_1_120' title='bbox 140 1406 180 1467; x_wconf 91' lang='lat' dir='ltr'>ita</span> <span class='ocrx_word' id='word_1_121' title='bbox 200 1413 380 1485; x_wconf 89' lang='lat' dir='ltr'>peruagatus</span> <span class='ocrx_word' id='word_1_122' title='bbox 401 1414 447 1467; x_wconf 89' lang='lat' dir='ltr'>est</span> <span class='ocrx_word' id='word_1_123' title='bbox 468 1406 596 1467; x_wconf 86' lang='lat' dir='ltr'>hostium</span> <span class='ocrx_word' id='word_1_124' title='bbox 618 1424 715 1485; x_wconf 90' lang='lat' dir='ltr'>agros,</span> <span class='ocrx_word' id='word_1_125' title='bbox 737 1406 776 1467; x_wconf 90' lang='lat' dir='ltr'>ita</span> <span class='ocrx_word' id='word_1_126' title='bbox 799 1406 896 1469; x_wconf 89' lang='lat' dir='ltr'>socios</span> <span class='ocrx_word' id='word_1_127' title='bbox 917 1406 953 1468; x_wconf 91' lang='lat' dir='ltr'>ad</span> <span class='ocrx_word' id='word_1_128' title='bbox 968 1406 1142 1468; x_wconf 90' lang='lat' dir='ltr'>retinendos</span> 
     </span>
    </p>

    <p class='ocr_par' dir='ltr' id='par_1_5' title="bbox 38 1488 1181 1911">
     <span class='ocr_line' id='line_1_16' title="bbox 38 1488 1142 1571; baseline 0.005 -25"><span class='ocrx_word' id='word_1_129' title='bbox 38 1494 59 1547; x_wconf 79' lang='grc' dir='ltr'>ιι</span> <span class='ocrx_word' id='word_1_130' title='bbox 76 1488 171 1552; x_wconf 88' lang='lat' dir='ltr'>iulide</span> <span class='ocrx_word' id='word_1_131' title='bbox 192 1490 309 1553; x_wconf 88' lang='lat' dir='ltr'>animos</span> <span class='ocrx_word' id='word_1_132' title='bbox 330 1508 433 1553; x_wconf 92' lang='lat' dir='ltr'>eorum</span> <span class='ocrx_word' id='word_1_133' title='bbox 447 1490 572 1552; x_wconf 85' lang='lat' dir='ltr'>ierendo</span> <span class='ocrx_word' id='word_1_134' title='bbox 587 1492 619 1552; x_wconf 91' lang='lat' dir='ltr'>in</span> <span class='ocrx_word' id='word_1_135' title='bbox 634 1500 770 1571; x_wconf 92' lang='lat' dir='ltr'>tempore</span> <span class='ocrx_word' id='word_1_136' title='bbox 785 1491 893 1570; x_wconf 88' lang='lat' dir='ltr'>cuique</span> <span class='ocrx_word' id='word_1_137' title='bbox 907 1491 1048 1553; x_wconf 84' lang='lat' dir='ltr'>auxilium</span> <span class='ocrx_word' id='word_1_138' title='bbox 1063 1490 1142 1564; x_wconf 85' lang='lat' dir='ltr'>adiit,</span> 
     </span>
     <span class='ocr_line' id='line_1_17' title="bbox 78 1574 1179 1656; baseline 0.002 -23"><span class='ocrx_word' id='word_1_139' title='bbox 78 1582 106 1634; x_wconf 89' lang='lat' dir='ltr'>ut</span> <span class='ocrx_word' id='word_1_140' title='bbox 118 1574 201 1637; x_wconf 86' lang='lat' dir='ltr'>breui</span> <span class='ocrx_word' id='word_1_141' title='bbox 217 1584 351 1656; x_wconf 89' lang='lat' dir='ltr'>tempore</span> <span class='ocrx_word' id='word_1_142' title='bbox 366 1583 457 1638; x_wconf 89' lang='lat' dir='ltr'>totam</span> <span class='ocrx_word' id='word_1_143' title='bbox 472 1575 601 1637; x_wconf 89' lang='lat' dir='ltr'>Siciliam</span> <span class='ocrx_word' id='word_1_144' title='bbox 622 1575 760 1655; x_wconf 87' lang='lat' dir='ltr'>impleret</span> <span class='ocrx_word' id='word_1_145' title='bbox 782 1576 911 1638; x_wconf 89' lang='lat' dir='ltr'>nominis</span> <span class='ocrx_word' id='word_1_146' title='bbox 926 1577 982 1650; x_wconf 89' lang='lat' dir='ltr'>sui,</span> <span class='ocrx_word' id='word_1_147' title='bbox 1006 1594 1061 1637; x_wconf 90' lang='lat' dir='ltr'>nec</span> <span class='ocrx_word' id='word_1_148' title='bbox 1076 1594 1144 1655; x_wconf 89' lang='lat' dir='ltr'>spes</span> <span class='ocrx_word' id='word_1_149' title='bbox 1165 1586 1179 1635; x_wconf 86' lang='lat' dir='ltr'>t</span> 
     </span>
     <span class='ocr_line' id='line_1_18' title="bbox 77 1658 1181 1741; baseline 0.002 -23"><span class='ocrx_word' id='word_1_150' title='bbox 77 1658 125 1720; x_wconf 91' lang='lat' dir='ltr'>alia</span> <span class='ocrx_word' id='word_1_151' title='bbox 145 1661 240 1723; x_wconf 89' lang='lat' dir='ltr'>maior</span> <span class='ocrx_word' id='word_1_152' title='bbox 260 1670 333 1741; x_wconf 92' lang='lat' dir='ltr'>aput</span> <span class='ocrx_word' id='word_1_153' title='bbox 354 1662 482 1723; x_wconf 77' lang='lat' dir='ltr'>laudatis</span> <span class='ocrx_word' id='word_1_154' title='bbox 503 1660 594 1723; x_wconf 86' lang='lat' dir='ltr'>rebus</span> <span class='ocrx_word' id='word_1_155' title='bbox 613 1660 900 1739; x_wconf 80' lang='lat' dir='ltr'>Cartbagiuiensium</span> <span class='ocrx_word' id='word_1_156' title='bbox 922 1670 1008 1724; x_wconf 91' lang='lat' dir='ltr'>esset.</span> <span class='ocrx_word' id='word_1_157' title='bbox 1045 1661 1144 1740; x_wconf 88' lang='lat' dir='ltr'>itaque</span> <span class='ocrx_word' id='word_1_158' title='bbox 1166 1669 1181 1720; x_wconf 80' lang='lat'><strong>8</strong></span> 
     </span>
     <span class='ocr_line' id='line_1_19' title="bbox 78 1742 1143 1826; baseline 0.005 -24"><span class='ocrx_word' id='word_1_159' title='bbox 78 1742 177 1808; x_wconf 86' lang='lat' dir='ltr'>inclusi</span> <span class='ocrx_word' id='word_1_160' title='bbox 197 1746 234 1807; x_wconf 92' lang='lat' dir='ltr'>ad</span> <span class='ocrx_word' id='word_1_161' title='bbox 257 1745 286 1807; x_wconf 94' lang='lat' dir='ltr'>id</span> <span class='ocrx_word' id='word_1_162' title='bbox 307 1755 425 1825; x_wconf 89' lang='lat' dir='ltr'>tempus</span> <span class='ocrx_word' id='word_1_163' title='bbox 446 1744 604 1807; x_wconf 85' lang='lat' dir='ltr'>moenibus</span> <span class='ocrx_word' id='word_1_164' title='bbox 621 1746 773 1825; x_wconf 72' lang='lat' dir='ltr'>Agrigenti</span> <span class='ocrx_word' id='word_1_165' title='bbox 796 1747 854 1807; x_wconf 84' lang='lat' dir='ltr'>dux</span> <span class='ocrx_word' id='word_1_166' title='bbox 877 1746 994 1809; x_wconf 87' lang='lat' dir='ltr'>Poenus</span> <span class='ocrx_word' id='word_1_167' title='bbox 1016 1747 1143 1826; x_wconf 87' lang='lat' dir='ltr'>Syracu-</span> 
     </span>
     <span class='ocr_line' id='line_1_20' title="bbox 78 1830 1144 1911; baseline 0.002 -22"><span class='ocrx_word' id='word_1_168' title='bbox 78 1846 220 1910; x_wconf 81' lang='lat' dir='ltr'>sanusque</span> <span class='ocrx_word' id='word_1_169' title='bbox 242 1849 303 1892; x_wconf 90' lang='lat' dir='ltr'>nou</span> <span class='ocrx_word' id='word_1_170' title='bbox 319 1830 444 1893; x_wconf 90' lang='lat' dir='ltr'>consilio</span> <span class='ocrx_word' id='word_1_171' title='bbox 460 1830 593 1893; x_wconf 79' lang='lat' dir='ltr'>Muttinis</span> <span class='ocrx_word' id='word_1_172' title='bbox 615 1848 703 1911; x_wconf 88' lang='lat' dir='ltr'>quam</span> <span class='ocrx_word' id='word_1_173' title='bbox 724 1830 830 1892; x_wconf 87' lang='lat' dir='ltr'>fiducia</span> <span class='ocrx_word' id='word_1_174' title='bbox 852 1832 945 1910; x_wconf 89' lang='lat' dir='ltr'>magis</span> <span class='ocrx_word' id='word_1_175' title='bbox 965 1832 1029 1893; x_wconf 88' lang='lat' dir='ltr'>ausi</span> <span class='ocrx_word' id='word_1_176' title='bbox 1043 1830 1144 1911; x_wconf 79' lang='lat' dir='ltr'>egredi</span> 
     </span>
    </p>

    <p class='ocr_par' dir='ltr' id='par_1_6' title="bbox 38 1916 1198 2334">
     <span class='ocr_line' id='line_1_21' title="bbox 38 1916 1182 1995; baseline 0.004 -25"><span class='ocrx_word' id='word_1_177' title='bbox 38 1919 150 1976; x_wconf 80' lang='lat' dir='ltr'>tteatra</span> <span class='ocrx_word' id='word_1_178' title='bbox 169 1933 275 1977; x_wconf 88' lang='lat' dir='ltr'>muros</span> <span class='ocrx_word' id='word_1_179' title='bbox 296 1917 332 1978; x_wconf 92' lang='lat' dir='ltr'>ad</span> <span class='ocrx_word' id='word_1_180' title='bbox 354 1916 503 1977; x_wconf 90' lang='lat' dir='ltr'>Himeram</span> <span class='ocrx_word' id='word_1_181' title='bbox 524 1933 643 1976; x_wconf 86' lang='lat' dir='ltr'>amnem</span> <span class='ocrx_word' id='word_1_182' title='bbox 664 1925 831 1995; x_wconf 90' lang='lat' dir='ltr'>posuerunt</span> <span class='ocrx_word' id='word_1_183' title='bbox 852 1924 955 1978; x_wconf 87' lang='lat' dir='ltr'>castra.</span> <span class='ocrx_word' id='word_1_184' title='bbox 992 1916 1071 1995; x_wconf 90' lang='lat' dir='ltr'>quod</span> <span class='ocrx_word' id='word_1_185' title='bbox 1094 1916 1145 1977; x_wconf 93' lang='lat' dir='ltr'>ubi</span> <span class='ocrx_word' id='word_1_186' title='bbox 1167 1925 1182 1975; x_wconf 84' lang='lat'>9</span> 
     </span>
     <span class='ocr_line' id='line_1_22' title="bbox 78 1999 1145 2080; baseline 0.001 -20"><span class='ocrx_word' id='word_1_187' title='bbox 78 2000 217 2075; x_wconf 84' lang='lat' dir='ltr'>perlatum</span> <span class='ocrx_word' id='word_1_188' title='bbox 238 2001 274 2061; x_wconf 93' lang='lat' dir='ltr'>ad</span> <span class='ocrx_word' id='word_1_189' title='bbox 288 1999 458 2061; x_wconf 90' lang='lat' dir='ltr'>Marcellum</span> <span class='ocrx_word' id='word_1_190' title='bbox 482 2009 537 2074; x_wconf 90' lang='lat' dir='ltr'>est,</span> <span class='ocrx_word' id='word_1_191' title='bbox 558 2001 706 2080; x_wconf 83' lang='lat' dir='ltr'>extemplo</span> <span class='ocrx_word' id='word_1_192' title='bbox 729 2000 829 2080; x_wconf 86' lang='lat' dir='ltr'>copias</span> <span class='ocrx_word' id='word_1_193' title='bbox 849 2002 944 2062; x_wconf 89' lang='lat' dir='ltr'>mouit</span> <span class='ocrx_word' id='word_1_194' title='bbox 964 2010 994 2062; x_wconf 91' lang='lat' dir='ltr'>et</span> <span class='ocrx_word' id='word_1_195' title='bbox 1008 2000 1044 2061; x_wconf 78' lang='lat' dir='ltr'>ala</span> <span class='ocrx_word' id='word_1_196' title='bbox 1059 2001 1145 2063; x_wconf 90' lang='lat' dir='ltr'>hoste</span> 
     </span>
     <span class='ocr_line' id='line_1_23' title="bbox 79 2083 1144 2166; baseline 0 -20"><span class='ocrx_word' id='word_1_197' title='bbox 79 2092 209 2162; x_wconf 90' lang='lat' dir='ltr'>quattuor</span> <span class='ocrx_word' id='word_1_198' title='bbox 232 2086 324 2147; x_wconf 88' lang='lat' dir='ltr'>lerme</span> <span class='ocrx_word' id='word_1_199' title='bbox 346 2083 461 2147; x_wconf 90' lang='lat' dir='ltr'>milium</span> <span class='ocrx_word' id='word_1_200' title='bbox 481 2084 638 2148; x_wconf 90' lang='lat' dir='ltr'>interuallo</span> <span class='ocrx_word' id='word_1_201' title='bbox 656 2084 799 2159; x_wconf 84' lang='lat' dir='ltr'>consedit,</span> <span class='ocrx_word' id='word_1_202' title='bbox 823 2085 893 2166; x_wconf 93' lang='lat' dir='ltr'>quid</span> <span class='ocrx_word' id='word_1_203' title='bbox 914 2094 1038 2166; x_wconf 86' lang='lat' dir='ltr'>agerent</span> <span class='ocrx_word' id='word_1_204' title='bbox 1059 2104 1144 2165; x_wconf 91' lang='lat' dir='ltr'>para·</span> 
     </span>
     <span class='ocr_line' id='line_1_24' title="bbox 77 2169 1198 2251; baseline 0.001 -23"><span class='ocrx_word' id='word_1_205' title='bbox 77 2181 185 2244; x_wconf 91' lang='lat' dir='ltr'>rentue,</span> <span class='ocrx_word' id='word_1_206' title='bbox 207 2180 425 2251; x_wconf 85' lang='lat' dir='ltr'>expectaturus.</span> <span class='ocrx_word' id='word_1_207' title='bbox 462 2172 513 2233; x_wconf 89' lang='lat' dir='ltr'>sed</span> <span class='ocrx_word' id='word_1_208' title='bbox 531 2170 645 2232; x_wconf 90' lang='lat' dir='ltr'>nullum</span> <span class='ocrx_word' id='word_1_209' title='bbox 670 2189 767 2250; x_wconf 88' lang='lat' dir='ltr'>neque</span> <span class='ocrx_word' id='word_1_210' title='bbox 790 2169 888 2232; x_wconf 90' lang='lat' dir='ltr'>locum</span> <span class='ocrx_word' id='word_1_211' title='bbox 910 2189 1008 2250; x_wconf 88' lang='lat' dir='ltr'>neque</span> <span class='ocrx_word' id='word_1_212' title='bbox 1030 2178 1147 2250; x_wconf 89' lang='lat' dir='ltr'>tempus</span> <span class='ocrx_word' id='word_1_213' title='bbox 1169 2178 1198 2229; x_wconf 86' lang='lat' dir='ltr'>to</span> 
     </span>
     <span class='ocr_line' id='line_1_25' title="bbox 78 2254 1145 2334; baseline 0.003 -21"><span class='ocrx_word' id='word_1_214' title='bbox 78 2256 251 2318; x_wconf 83' lang='lat' dir='ltr'>cunctationi</span> <span class='ocrx_word' id='word_1_215' title='bbox 277 2255 441 2318; x_wconf 89' lang='lat' dir='ltr'>consilioue</span> <span class='ocrx_word' id='word_1_216' title='bbox 466 2254 546 2318; x_wconf 87' lang='lat' dir='ltr'>dedit</span> <span class='ocrx_word' id='word_1_217' title='bbox 567 2255 708 2317; x_wconf 82' lang='lat' dir='ltr'>Muttines</span> <span class='ocrx_word' id='word_1_218' title='bbox 737 2265 940 2334; x_wconf 88' lang='lat' dir='ltr'>transgressus</span> <span class='ocrx_word' id='word_1_219' title='bbox 967 2273 1083 2316; x_wconf 92' lang='lat' dir='ltr'>amnem</span> <span class='ocrx_word' id='word_1_220' title='bbox 1111 2273 1145 2316; x_wconf 88' lang='lat' dir='ltr'>ac</span> 
     </span>
    </p>

    <p class='ocr_par' dir='ltr' id='par_1_7' title="bbox 37 2339 1197 2762">
     <span class='ocr_line' id='line_1_26' title="bbox 37 2339 1144 2419; baseline 0.003 -22"><span class='ocrx_word' id='word_1_221' title='bbox 37 2341 247 2404; x_wconf 75' lang='lat' dir='ltr'>asertoribus</span> <span class='ocrx_word' id='word_1_222' title='bbox 267 2341 397 2404; x_wconf 82' lang='lat' dir='ltr'>hostium</span> <span class='ocrx_word' id='word_1_223' title='bbox 423 2359 493 2402; x_wconf 91' lang='lat' dir='ltr'>cum</span> <span class='ocrx_word' id='word_1_224' title='bbox 514 2341 629 2419; x_wconf 88' lang='lat' dir='ltr'>ingenti</span> <span class='ocrx_word' id='word_1_225' title='bbox 650 2349 765 2402; x_wconf 89' lang='lat' dir='ltr'>terrore</span> <span class='ocrx_word' id='word_1_226' title='bbox 792 2359 826 2402; x_wconf 88' lang='lat' dir='ltr'>ac</span> <span class='ocrx_word' id='word_1_227' title='bbox 848 2340 978 2401; x_wconf 89' lang='lat' dir='ltr'>tumultu</span> <span class='ocrx_word' id='word_1_228' title='bbox 999 2339 1144 2401; x_wconf 83' lang='lat' dir='ltr'>inuectus.</span> 
     </span>
     <span class='ocr_line' id='line_1_27' title="bbox 78 2424 1197 2506; baseline -0.004 -18"><span class='ocrx_word' id='word_1_229' title='bbox 78 2437 188 2503; x_wconf 86' lang='lat' dir='ltr'>postero</span> <span class='ocrx_word' id='word_1_230' title='bbox 202 2427 252 2489; x_wconf 92' lang='lat' dir='ltr'>die</span> <span class='ocrx_word' id='word_1_231' title='bbox 267 2445 361 2506; x_wconf 93' lang='lat' dir='ltr'>prope</span> <span class='ocrx_word' id='word_1_232' title='bbox 376 2425 454 2488; x_wconf 85' lang='lat' dir='ltr'>iusto</span> <span class='ocrx_word' id='word_1_233' title='bbox 469 2424 582 2505; x_wconf 89' lang='lat' dir='ltr'>proelio</span> <span class='ocrx_word' id='word_1_234' title='bbox 597 2425 742 2505; x_wconf 87' lang='lat' dir='ltr'>compulit</span> <span class='ocrx_word' id='word_1_235' title='bbox 755 2424 849 2488; x_wconf 88' lang='lat' dir='ltr'>hostis</span> <span class='ocrx_word' id='word_1_236' title='bbox 859 2424 936 2486; x_wconf 89' lang='lat' dir='ltr'>intra</span> <span class='ocrx_word' id='word_1_237' title='bbox 953 2425 1146 2486; x_wconf 89' lang='lat' dir='ltr'>munimenta.</span> <span class='ocrx_word' id='word_1_238' title='bbox 1170 2430 1197 2483; x_wconf 88' lang='lat' dir='ltr'>u</span> 
     </span>
     <span class='ocr_line' id='line_1_28' title="bbox 77 2509 1145 2584; baseline 0 -14"><span class='ocrx_word' id='word_1_239' title='bbox 77 2509 140 2572; x_wconf 92' lang='lat' dir='ltr'>iude</span> <span class='ocrx_word' id='word_1_240' title='bbox 159 2519 319 2574; x_wconf 85' lang='lat' dir='ltr'>reuocatus</span> <span class='ocrx_word' id='word_1_241' title='bbox 339 2510 484 2574; x_wconf 86' lang='lat' dir='ltr'>seditione</span> <span class='ocrx_word' id='word_1_242' title='bbox 498 2510 692 2572; x_wconf 87' lang='lat' dir='ltr'>Numidarum</span> <span class='ocrx_word' id='word_1_243' title='bbox 714 2511 746 2571; x_wconf 91' lang='lat' dir='ltr'>in</span> <span class='ocrx_word' id='word_1_244' title='bbox 769 2509 873 2572; x_wconf 90' lang='lat' dir='ltr'>castris</span> <span class='ocrx_word' id='word_1_245' title='bbox 895 2511 979 2584; x_wconf 84' lang='lat' dir='ltr'>lacta,</span> <span class='ocrx_word' id='word_1_246' title='bbox 1003 2527 1070 2570; x_wconf 90' lang='lat' dir='ltr'>cum</span> <span class='ocrx_word' id='word_1_247' title='bbox 1086 2519 1145 2570; x_wconf 92' lang='lat' dir='ltr'>tre-</span> 
     </span>
     <span class='ocr_line' id='line_1_29' title="bbox 78 2593 1145 2669; baseline 0 -15"><span class='ocrx_word' id='word_1_248' title='bbox 78 2597 149 2658; x_wconf 86' lang='lat' dir='ltr'>centi</span> <span class='ocrx_word' id='word_1_249' title='bbox 169 2598 264 2658; x_wconf 82' lang='lat' dir='ltr'>ferme</span> <span class='ocrx_word' id='word_1_250' title='bbox 286 2613 390 2658; x_wconf 90' lang='lat' dir='ltr'>eorum</span> <span class='ocrx_word' id='word_1_251' title='bbox 411 2595 583 2658; x_wconf 82' lang='lat' dir='ltr'>Heracleam</span> <span class='ocrx_word' id='word_1_252' title='bbox 606 2595 735 2658; x_wconf 90' lang='lat' dir='ltr'>Minoam</span> <span class='ocrx_word' id='word_1_253' title='bbox 760 2594 986 2669; x_wconf 87' lang='lat' dir='ltr'>concessissent,</span> <span class='ocrx_word' id='word_1_254' title='bbox 1009 2595 1044 2655; x_wconf 92' lang='lat' dir='ltr'>ad</span> <span class='ocrx_word' id='word_1_255' title='bbox 1066 2593 1145 2655; x_wconf 90' lang='lat' dir='ltr'>miti·</span> 
     </span>
     <span class='ocr_line' id='line_1_30' title="bbox 78 2679 1146 2762; baseline -0.001 -22"><span class='ocrx_word' id='word_1_256' title='bbox 78 2682 182 2756; x_wconf 83' lang='lat' dir='ltr'>gendos</span> <span class='ocrx_word' id='word_1_257' title='bbox 210 2681 456 2760; x_wconf 86' lang='lat' dir='ltr'>reuocandosque</span> <span class='ocrx_word' id='word_1_258' title='bbox 484 2699 535 2743; x_wconf 88' lang='lat' dir='ltr'>eos</span> <span class='ocrx_word' id='word_1_259' title='bbox 562 2682 714 2761; x_wconf 84' lang='lat' dir='ltr'>proiectus</span> <span class='ocrx_word' id='word_1_260' title='bbox 740 2697 849 2761; x_wconf 87' lang='lat' dir='ltr'>magno</span> <span class='ocrx_word' id='word_1_261' title='bbox 872 2698 962 2762; x_wconf 87' lang='lat' dir='ltr'>opere</span> <span class='ocrx_word' id='word_1_262' title='bbox 993 2679 1146 2740; x_wconf 89' lang='lat' dir='ltr'>monuisse</span> 
     </span>
    </p>

    <p class='ocr_par' dir='ltr' id='par_1_8' title="bbox 38 2764 1201 3184">
     <span class='ocr_line' id='line_1_31' title="bbox 38 2764 1146 2844; baseline 0 -20"><span class='ocrx_word' id='word_1_263' title='bbox 38 2764 158 2829; x_wconf 75' lang='lat' dir='ltr'>ttduces</span> <span class='ocrx_word' id='word_1_264' title='bbox 184 2766 311 2839; x_wconf 88' lang='lat' dir='ltr'>dicitur,</span> <span class='ocrx_word' id='word_1_265' title='bbox 341 2784 380 2827; x_wconf 91' lang='lat' dir='ltr'>ne</span> <span class='ocrx_word' id='word_1_266' title='bbox 407 2773 530 2844; x_wconf 86' lang='lat' dir='ltr'>apsente</span> <span class='ocrx_word' id='word_1_267' title='bbox 558 2783 590 2828; x_wconf 89' lang='lat' dir='ltr'>se</span> <span class='ocrx_word' id='word_1_268' title='bbox 612 2783 681 2828; x_wconf 93' lang='lat' dir='ltr'>cum</span> <span class='ocrx_word' id='word_1_269' title='bbox 703 2765 787 2828; x_wconf 91' lang='lat' dir='ltr'>hoste</span> <span class='ocrx_word' id='word_1_270' title='bbox 816 2783 920 2827; x_wconf 91' lang='lat' dir='ltr'>manus</span> <span class='ocrx_word' id='word_1_271' title='bbox 942 2773 1146 2826; x_wconf 86' lang='lat' dir='ltr'>consererent.</span> 
     </span>
     <span class='ocr_line' id='line_1_32' title="bbox 78 2848 1199 2930; baseline 0.001 -24"><span class='ocrx_word' id='word_1_272' title='bbox 78 2848 103 2908; x_wconf 90' lang='lat' dir='ltr'>id</span> <span class='ocrx_word' id='word_1_273' title='bbox 122 2851 208 2914; x_wconf 84' lang='lat' dir='ltr'>ambo</span> <span class='ocrx_word' id='word_1_274' title='bbox 237 2869 324 2930; x_wconf 88' lang='lat' dir='ltr'>aegre</span> <span class='ocrx_word' id='word_1_275' title='bbox 352 2850 430 2930; x_wconf 85' lang='lat' dir='ltr'>passi</span> <span class='ocrx_word' id='word_1_276' title='bbox 456 2850 562 2923; x_wconf 80' lang='lat' dir='ltr'>ducas,</span> <span class='ocrx_word' id='word_1_277' title='bbox 590 2850 684 2930; x_wconf 90' lang='lat' dir='ltr'>magis</span> <span class='ocrx_word' id='word_1_278' title='bbox 706 2849 829 2925; x_wconf 90' lang='lat' dir='ltr'>Hanno,</span> <span class='ocrx_word' id='word_1_279' title='bbox 858 2851 915 2912; x_wconf 91' lang='lat' dir='ltr'>iam</span> <span class='ocrx_word' id='word_1_280' title='bbox 944 2857 1012 2911; x_wconf 90' lang='lat' dir='ltr'>aute</span> <span class='ocrx_word' id='word_1_281' title='bbox 1042 2849 1149 2911; x_wconf 87' lang='lat' dir='ltr'>aurius</span> <span class='ocrx_word' id='word_1_282' title='bbox 1171 2855 1199 2907; x_wconf 83' lang='lat'>12</span> 
     </span>
     <span class='ocr_line' id='line_1_33' title="bbox 78 2933 1147 3013; baseline 0.001 -18"><span class='ocrx_word' id='word_1_283' title='bbox 78 2934 163 3012; x_wconf 89' lang='lat' dir='ltr'>gloria</span> <span class='ocrx_word' id='word_1_284' title='bbox 184 2937 265 3000; x_wconf 86' lang='lat' dir='ltr'>eius:</span> <span class='ocrx_word' id='word_1_285' title='bbox 294 2935 450 2998; x_wconf 80' lang='lat' dir='ltr'>Muttinem</span> <span class='ocrx_word' id='word_1_286' title='bbox 471 2933 528 2997; x_wconf 82' lang='lat' dir='ltr'>sibi</span> <span class='ocrx_word' id='word_1_287' title='bbox 557 2936 678 2998; x_wconf 89' lang='lat' dir='ltr'>modum</span> <span class='ocrx_word' id='word_1_288' title='bbox 700 2936 811 3010; x_wconf 88' lang='lat' dir='ltr'>iacere,</span> <span class='ocrx_word' id='word_1_289' title='bbox 841 2935 1019 3013; x_wconf 86' lang='lat' dir='ltr'>degenerem</span> <span class='ocrx_word' id='word_1_290' title='bbox 1043 2934 1147 2996; x_wconf 77' lang='lat' dir='ltr'>atrum</span> 
     </span>
     <span class='ocr_line' id='line_1_34' title="bbox 78 3018 1201 3100; baseline -0.003 -23"><span class='ocrx_word' id='word_1_291' title='bbox 78 3018 242 3098; x_wconf 84' lang='lat' dir='ltr'>imperatori</span> <span class='ocrx_word' id='word_1_292' title='bbox 257 3019 500 3100; x_wconf 84' lang='lat' dir='ltr'>Carthaginiensi,</span> <span class='ocrx_word' id='word_1_293' title='bbox 523 3019 612 3082; x_wconf 88' lang='lat' dir='ltr'>misso</span> <span class='ocrx_word' id='word_1_294' title='bbox 635 3019 671 3080; x_wconf 89' lang='lat' dir='ltr'>ab</span> <span class='ocrx_word' id='word_1_295' title='bbox 694 3027 798 3080; x_wconf 89' lang='lat' dir='ltr'>senatu</span> <span class='ocrx_word' id='word_1_296' title='bbox 821 3018 1004 3100; x_wconf 78' lang='lat' dir='ltr'>populoque!</span> <span class='ocrx_word' id='word_1_297' title='bbox 1032 3020 1056 3081; x_wconf 90' lang='lat' dir='ltr'>is</span> <span class='ocrx_word' id='word_1_298' title='bbox 1079 3037 1148 3099; x_wconf 88' lang='lat' dir='ltr'>pcr-</span> <span class='ocrx_word' id='word_1_299' title='bbox 1171 3025 1201 3076; x_wconf 84' lang='lat' dir='ltr'>tc</span> 
     </span>
     <span class='ocr_line' id='line_1_35' title="bbox 79 3103 1147 3184; baseline -0.001 -20"><span class='ocrx_word' id='word_1_300' title='bbox 79 3103 147 3182; x_wconf 90' lang='lat' dir='ltr'>pulit</span> <span class='ocrx_word' id='word_1_301' title='bbox 173 3114 365 3170; x_wconf 88' lang='lat' dir='ltr'>cunctantem</span> <span class='ocrx_word' id='word_1_302' title='bbox 392 3104 560 3184; x_wconf 76' lang='lat' dir='ltr'>Epicyden,</span> <span class='ocrx_word' id='word_1_303' title='bbox 589 3112 624 3165; x_wconf 90' lang='lat' dir='ltr'>ut</span> <span class='ocrx_word' id='word_1_304' title='bbox 650 3103 826 3184; x_wconf 88' lang='lat' dir='ltr'>transgressi</span> <span class='ocrx_word' id='word_1_305' title='bbox 855 3104 964 3165; x_wconf 90' lang='lat' dir='ltr'>llumen</span> <span class='ocrx_word' id='word_1_306' title='bbox 994 3104 1025 3163; x_wconf 92' lang='lat' dir='ltr'>in</span> <span class='ocrx_word' id='word_1_307' title='bbox 1055 3103 1147 3164; x_wconf 89' lang='lat' dir='ltr'>aciem</span> 
     </span>
    </p>

    <p class='ocr_par' dir='ltr' id='par_1_9' title="bbox 40 3187 1148 3270">
     <span class='ocr_line' id='line_1_36' title="bbox 40 3187 1148 3270; baseline -0.001 -22"><span class='ocrx_word' id='word_1_308' title='bbox 40 3191 62 3242; x_wconf 72' lang='grc' dir='ltr'>ιι</span> <span class='ocrx_word' id='word_1_309' title='bbox 79 3189 199 3254; x_wconf 79' lang='lat' dir='ltr'>unirent:</span> <span class='ocrx_word' id='word_1_310' title='bbox 225 3208 294 3252; x_wconf 90' lang='lat' dir='ltr'>nam</span> <span class='ocrx_word' id='word_1_311' title='bbox 316 3189 341 3252; x_wconf 90' lang='lat' dir='ltr'>si</span> <span class='ocrx_word' id='word_1_312' title='bbox 356 3190 509 3251; x_wconf 89' lang='lat' dir='ltr'>Muttinem</span> <span class='ocrx_word' id='word_1_313' title='bbox 533 3189 744 3270; x_wconf 87' lang='lat' dir='ltr'>opperirentur</span> <span class='ocrx_word' id='word_1_314' title='bbox 765 3197 795 3250; x_wconf 92' lang='lat' dir='ltr'>et</span> <span class='ocrx_word' id='word_1_315' title='bbox 810 3187 938 3250; x_wconf 91' lang='lat' dir='ltr'>secunda</span> <span class='ocrx_word' id='word_1_316' title='bbox 954 3204 1071 3266; x_wconf 91' lang='lat' dir='ltr'>pugnae</span> <span class='ocrx_word' id='word_1_317' title='bbox 1087 3187 1148 3247; x_wconf 86' lang='lat' dir='ltr'>lor·</span> 
     </span>
    </p>
   </div>
   <div class='ocr_carea' id='block_1_4' title="bbox 83 3386 1152 3865">
    <p class='ocr_par' dir='ltr' id='par_1_10' title="bbox 83 3386 1152 3849">
     <span class='ocr_line' id='line_1_37' title="bbox 157 3386 1149 3461; baseline -0.007 -16"><span class='ocrx_word' id='word_1_318' title='bbox 157 3395 174 3444; x_wconf 83' lang='lat' dir='ltr'>o</span> <span class='ocrx_word' id='word_1_319' title='bbox 191 3391 326 3461; x_wconf 85' lang='lat' dir='ltr'>epycydes</span> <span class='ocrx_word' id='word_1_320' title='bbox 343 3391 385 3456; x_wconf 85' lang='grc' dir='ltr'>ΡΙ</span> <span class='ocrx_word' id='word_1_321' title='bbox 400 3393 430 3444; x_wconf 87' lang='grc'>10</span> <span class='ocrx_word' id='word_1_322' title='bbox 450 3389 482 3443; x_wconf 86' lang='lat' dir='ltr'>ad</span> <span class='ocrx_word' id='word_1_323' title='bbox 499 3388 637 3442; x_wconf 84' lang='lat' dir='ltr'>hannibale</span> <span class='ocrx_word' id='word_1_324' title='bbox 655 3388 902 3456; x_wconf 80' lang='lat' dir='ltr'>Pllibypoenicum</span> <span class='ocrx_word' id='word_1_325' title='bbox 913 3386 956 3455; x_wconf 82' lang='grc' dir='ltr'>ΡΙ</span> <span class='ocrx_word' id='word_1_326' title='bbox 971 3391 999 3440; x_wconf 91' lang='lat' dir='ltr'>ll</span> <span class='ocrx_word' id='word_1_327' title='bbox 1022 3386 1149 3452; x_wconf 87' lang='lat' dir='ltr'>hippacri·</span> 
     </span>
     <span class='ocr_line' id='line_1_38' title="bbox 83 3453 1150 3526; baseline -0.005 -16"><span class='ocrx_word' id='word_1_328' title='bbox 83 3462 149 3512; x_wconf 85' lang='lat' dir='ltr'>taaua</span> <span class='ocrx_word' id='word_1_329' title='bbox 166 3461 313 3513; x_wconf 76' lang='lat' dir='ltr'>Wea&#39;eeead.</span> <span class='ocrx_word' id='word_1_330' title='bbox 339 3457 495 3526; x_wconf 78' lang='lat' dir='ltr'>hippacrites</span> <span class='ocrx_word' id='word_1_331' title='bbox 513 3457 595 3510; x_wconf 81' lang='lat' dir='ltr'>Grcra.</span> <span class='ocrx_word' id='word_1_332' title='bbox 621 3457 803 3524; x_wconf 86' lang='lat' dir='ltr'>hippacinatus</span> <span class='ocrx_word' id='word_1_333' title='bbox 820 3455 869 3522; x_wconf 76' lang='lat' dir='ltr'>Pil</span> <span class='ocrx_word' id='word_1_334' title='bbox 893 3459 923 3510; x_wconf 84' lang='lat'>15</span> <span class='ocrx_word' id='word_1_335' title='bbox 943 3454 1047 3508; x_wconf 83' lang='lat' dir='ltr'>terendo</span> <span class='ocrx_word' id='word_1_336' title='bbox 1067 3453 1150 3506; x_wconf 82' lang='lat' dir='ltr'>Gran.</span> 
     </span>
     <span class='ocr_line' id='line_1_39' title="bbox 83 3522 1151 3596; baseline -0.004 -18"><span class='ocrx_word' id='word_1_337' title='bbox 83 3523 230 3596; x_wconf 79' lang='lat' dir='ltr'>iereadoqaae</span> <span class='ocrx_word' id='word_1_338' title='bbox 248 3529 296 3593; x_wconf 77' lang='lat' dir='ltr'>Py</span> <span class='ocrx_word' id='word_1_339' title='bbox 312 3526 375 3579; x_wconf 89' lang='lat' dir='ltr'>adiit</span> <span class='ocrx_word' id='word_1_340' title='bbox 391 3530 412 3591; x_wconf 86' lang='grc' dir='ltr'><strong><em>ς</em></strong></span> <span class='ocrx_word' id='word_1_341' title='bbox 437 3525 491 3578; x_wconf 88' lang='lat' dir='ltr'>adit</span> <span class='ocrx_word' id='word_1_342' title='bbox 507 3525 554 3592; x_wconf 81' lang='grc' dir='ltr'>ΡΙ</span> <span class='ocrx_word' id='word_1_343' title='bbox 574 3527 605 3578; x_wconf 83' lang='lat' dir='ltr'>to</span> <span class='ocrx_word' id='word_1_344' title='bbox 623 3529 740 3591; x_wconf 85' lang='lat' dir='ltr'>tempore</span> <span class='ocrx_word' id='word_1_345' title='bbox 758 3524 808 3578; x_wconf 88' lang='lat' dir='ltr'>del.</span> <span class='ocrx_word' id='word_1_346' title='bbox 827 3523 940 3590; x_wconf 77' lang='lat' dir='ltr'>Ruperti</span> <span class='ocrx_word' id='word_1_347' title='bbox 958 3523 968 3591; x_wconf 83' lang='grc' dir='ltr'>ΙΙ</span> <span class='ocrx_word' id='word_1_348' title='bbox 985 3522 1093 3575; x_wconf 87' lang='lat' dir='ltr'>siciliam</span> <span class='ocrx_word' id='word_1_349' title='bbox 1116 3539 1151 3574; x_wconf 74' lang='lat' dir='ltr'>aa</span> 
     </span>
     <span class='ocr_line' id='line_1_40' title="bbox 84 3589 1150 3665; baseline -0.003 -19"><span class='ocrx_word' id='word_1_350' title='bbox 84 3592 160 3646; x_wconf 73' lang='lat' dir='ltr'>ciliaaa</span> <span class='ocrx_word' id='word_1_351' title='bbox 175 3596 208 3648; x_wconf 70' lang='lat'>1²¹</span> <span class='ocrx_word' id='word_1_352' title='bbox 226 3594 350 3665; x_wconf 77' lang='lat' dir='ltr'>l&lt;lama)</span> <span class='ocrx_word' id='word_1_353' title='bbox 366 3593 484 3660; x_wconf 79' lang='lat' dir='ltr'>impleret</span> <span class='ocrx_word' id='word_1_354' title='bbox 501 3596 570 3645; x_wconf 75' lang='lat' dir='ltr'>erni.</span> <span class='ocrx_word' id='word_1_355' title='bbox 590 3593 655 3644; x_wconf 82' lang='lat' dir='ltr'>HJ.</span> <span class='ocrx_word' id='word_1_356' title='bbox 668 3593 781 3644; x_wconf 84' lang='lat' dir='ltr'>Mueller</span> <span class='ocrx_word' id='word_1_357' title='bbox 798 3592 839 3643; x_wconf 88' lang='lat' dir='ltr'>ed.</span> <span class='ocrx_word' id='word_1_358' title='bbox 860 3591 957 3644; x_wconf 72' lang='lat' dir='ltr'>rouen.</span> <span class='ocrx_word' id='word_1_359' title='bbox 970 3591 980 3658; x_wconf 79' lang='grc' dir='ltr'>ΙΙ</span> <span class='ocrx_word' id='word_1_360' title='bbox 995 3593 1025 3644; x_wconf 80' lang='grc'>18</span> <span class='ocrx_word' id='word_1_361' title='bbox 1044 3589 1070 3642; x_wconf 92' lang='lat' dir='ltr'>id</span> <span class='ocrx_word' id='word_1_362' title='bbox 1088 3591 1150 3643; x_wconf 89' lang='lat' dir='ltr'>add.</span> 
     </span>
     <span class='ocr_line' id='line_1_41' title="bbox 85 3657 1151 3730; baseline -0.001 -20"><span class='ocrx_word' id='word_1_363' title='bbox 85 3659 191 3728; x_wconf 65' lang='lat' dir='ltr'>erden,</span> <span class='ocrx_word' id='word_1_364' title='bbox 211 3679 263 3716; x_wconf 82' lang='lat' dir='ltr'>oea.</span> <span class='ocrx_word' id='word_1_365' title='bbox 281 3663 323 3728; x_wconf 86' lang='grc' dir='ltr'>ΡΙ</span> <span class='ocrx_word' id='word_1_366' title='bbox 338 3666 369 3718; x_wconf 81' lang='lat' dir='ltr'>aa</span> <span class='ocrx_word' id='word_1_367' title='bbox 386 3659 458 3730; x_wconf 84' lang='lat' dir='ltr'>(eui)</span> <span class='ocrx_word' id='word_1_368' title='bbox 475 3658 569 3713; x_wconf 82' lang='lat' dir='ltr'>fidncia</span> <span class='ocrx_word' id='word_1_369' title='bbox 589 3660 750 3726; x_wconf 79' lang='lat' dir='ltr'>Wesenberg</span> <span class='ocrx_word' id='word_1_370' title='bbox 761 3660 771 3727; x_wconf 87' lang='grc' dir='ltr'>ΙΙ</span> <span class='ocrx_word' id='word_1_371' title='bbox 785 3663 817 3713; x_wconf 80' lang='lat'>20</span> <span class='ocrx_word' id='word_1_372' title='bbox 836 3658 973 3712; x_wconf 86' lang='lat' dir='ltr'>hiemeram</span> <span class='ocrx_word' id='word_1_373' title='bbox 989 3658 1076 3726; x_wconf 78' lang='grc' dir='ltr'><strong>Ρ1122</strong></span> <span class='ocrx_word' id='word_1_374' title='bbox 1095 3657 1151 3710; x_wconf 90' lang='lat' dir='ltr'>mil-</span> 
     </span>
     <span class='ocr_line' id='line_1_42' title="bbox 83 3725 1152 3849; baseline -0.005 -67"><span class='ocrx_word' id='word_1_375' title='bbox 83 3726 139 3848; x_wconf 55' lang='lat' dir='ltr'>laipra</span> <span class='ocrx_word' id='word_1_376' title='bbox 150 3731 191 3798; x_wconf 80' lang='grc' dir='ltr'>ΡΙ</span> <span class='ocrx_word' id='word_1_377' title='bbox 203 3734 236 3785; x_wconf 80' lang='grc'>26</span> <span class='ocrx_word' id='word_1_378' title='bbox 248 3731 386 3849; x_wconf 66' lang='lat' dir='ltr'>rupymenta</span> <span class='ocrx_word' id='word_1_379' title='bbox 398 3730 440 3795; x_wconf 83' lang='grc' dir='ltr'>ΡΙ</span> <span class='ocrx_word' id='word_1_380' title='bbox 453 3731 484 3782; x_wconf 74' lang='lat' dir='ltr'>tt</span> <span class='ocrx_word' id='word_1_381' title='bbox 498 3743 553 3781; x_wconf 89' lang='lat' dir='ltr'>ccc·</span> <span class='ocrx_word' id='word_1_382' title='bbox 567 3730 596 3794; x_wconf 85' lang='lat' dir='ltr'>P,</span> <span class='ocrx_word' id='word_1_383' title='bbox 612 3730 661 3780; x_wconf 85' lang='lat' dir='ltr'>aed</span> <span class='ocrx_word' id='word_1_384' title='bbox 671 3745 729 3796; x_wconf 84' lang='lat' dir='ltr'>cap.</span> <span class='ocrx_word' id='word_1_385' title='bbox 742 3729 784 3794; x_wconf 75' lang='lat' dir='ltr'>ll,</span> <span class='ocrx_word' id='word_1_386' title='bbox 796 3729 814 3781; x_wconf 86' lang='lat'><strong><em>2</em></strong></span> <span class='ocrx_word' id='word_1_387' title='bbox 825 3728 892 3782; x_wconf 68' lang='lat' dir='ltr'>isc-m</span> <span class='ocrx_word' id='word_1_388' title='bbox 905 3727 945 3796; x_wconf 74' lang='lat' dir='ltr'>Pl</span> <span class='ocrx_word' id='word_1_389' title='bbox 960 3730 990 3781; x_wconf 81' lang='lat'>³1</span> <span class='ocrx_word' id='word_1_390' title='bbox 1006 3740 1099 3793; x_wconf 80' lang='lat' dir='ltr'>aegrae</span> <span class='ocrx_word' id='word_1_391' title='bbox 1111 3725 1152 3794; x_wconf 82' lang='grc' dir='ltr'>ΡΙΙ</span> 
     </span>
    </p>

    <p class='ocr_par' dir='ltr' id='par_1_11' title="bbox 125 3799 258 3865">
     <span class='ocr_line' id='line_1_43' title="bbox 125 3799 258 3865; baseline 0 -15"><span class='ocrx_word' id='word_1_392' title='bbox 125 3799 258 3865; x_wconf 78' lang='lat' dir='ltr'>trangressi</span> 
     </span>
    </p>
   </div>
   <div class='ocr_carea' id='block_1_5' title="bbox 945 3879 998 3933">
    <p class='ocr_par' dir='ltr' id='par_1_12' title="bbox 945 3879 998 3933">
     <span class='ocr_line' id='line_1_44' title="bbox 945 3879 998 3933; baseline -0.057 0"><span class='ocrx_word' id='word_1_393' title='bbox 945 3879 998 3933; x_wconf 79' lang='lat'>19*</span> 
     </span>
    </p>
   </div>
   <div class='ocr_carea' id='block_1_6' title="bbox 0 0 1386 4250">
    <p class='ocr_par' dir='ltr' id='par_1_13' title="bbox 0 0 1386 4250">
     <span class='ocr_line' id='line_1_45' title="bbox 0 0 1386 4250; baseline 0 0"><span class='ocrx_word' id='word_1_394' title='bbox 0 0 1386 4250; x_wconf 95' lang='lat' dir='ltr'> </span> 
     </span>
    </p>
   </div>
  </div>
 </body>
</html>
