2734 4250
65 149 86 181 ι.
102 136 154 180 Chr.
167 137 206 179 206
433 120 527 174 LIBER
544 121 653 187 ΧΧἮΙΙ,
673 126 712 176 13.
733 127 765 177 14
1080 125 1141 184 145
1219 81 1226 94 ι

63 291 246 353 multitudini
268 300 357 366 ratus,
379 299 413 354 ut
435 312 497 354 non
521 294 550 355 in
567 294 695 373 speciem
712 295 816 357 saltem
831 306 1058 375 opponerentur
1072 297 1141 359 bar-

64 377 204 437 barorum
227 377 348 449 auxilia,
377 396 476 455 neque
499 378 529 439 in
558 378 593 439 iis
621 388 719 440 tanmn
745 389 860 441 tantum
889 380 998 442 uirium
1025 394 1180 461 ponec-t

65 463 146 533 dum,
168 471 203 521 ut
223 463 365 523 mutando
387 462 485 537 iidem,
508 481 584 542 quae
601 463 693 526 cladis
708 484 794 528 causa
811 465 914 527 luisset
928 467 1004 545 patri
1020 476 1141 546 patruo·

68 563 143 625 que,
165 564 307 624 magnum
328 556 510 608 momentum
534 549 679 622 lacerent,
707 550 870 631 praemisso
893 550 993 612 Silano
1015 551 1052 612 ad
1075 553 1180 614 eut-a

27 633 149 693 acham
172 631 390 710 duodetriginta
413 632 528 712 oppidis
550 642 742 712 regnantem,
764 642 799 696 ut
827 636 942 714 equites
968 637 1141 716 peditesque

65 717 101 776 ab
125 734 171 790 eo,
195 735 270 795 quos
292 736 324 779 se
347 735 401 797 per
421 717 548 778 hiemem
572 719 812 799 conscripturum
832 720 981 799 pollicitus
996 729 1068 796 erat,
1090 741 1141 783 ac·

65 801 193 881 ciperet,
222 802 286 882 ipse
307 802 343 862 ab
366 802 535 863 Tarracone
557 805 711 882 prolectus
733 804 869 883 protinus
897 805 933 866 ab
957 806 1061 881 sociis,
1091 807 1181 886 quit

64 886 206 947 accolunt
220 886 308 959 uiam,
325 887 437 948 modica
453 889 656 949 contrahendo
671 890 775 950 auxilia
788 889 978 951 Castulonem
993 892 1140 970 peruenit.

64 990 100 1032 eo
123 970 249 1031 adducta
271 971 307 1031 ab
331 972 430 1032 Silano
453 973 558 1034 auxilia
581 974 637 1034 tria
659 973 737 1035 milia
766 975 897 1053 peditum
927 983 957 1035 et
987 976 1143 1054 quingenti
1164 987 1179 1037 5

16 1057 190 1135 inequites.
234 1055 303 1116 inde
325 1057 360 1117 ad
384 1056 540 1118 Baeculam
562 1057 666 1119 urbem
696 1076 873 1138 progressus
900 1059 982 1120 omni
1010 1061 1141 1123 exercitu

65 1141 178 1202 ciuium
200 1142 359 1215 sociorum,
383 1142 516 1221 peditum
538 1143 731 1222 equitumque
753 1144 886 1223 quinque
904 1153 934 1204 et
948 1145 1141 1224 quadraginta

65 1225 195 1287 milibus.
238 1235 334 1287 castra
363 1227 503 1305 ponentis
531 1246 583 1288 eos
612 1227 697 1306 hlago
725 1237 754 1288 et
783 1228 934 1290 Masinissa
963 1247 1031 1290 curn
1061 1231 1179 1291 omnic

65 1311 198 1389 equitatu
214 1311 345 1389 adgressi
360 1319 440 1386 sunt,
462 1312 692 1391 turbassentque
714 1313 885 1386 munientis,
908 1313 939 1373 ni
962 1313 1053 1375 abditi
1074 1323 1142 1394 post

63 1395 214 1456 tumulum
236 1403 406 1476 opportune
427 1397 463 1457 ad
486 1397 515 1458 id
538 1397 665 1476 positum
688 1396 725 1458 ab
742 1397 882 1477 Scipione
904 1398 1019 1476 equites
1037 1399 1141 1479 inpro-

14 1490 42 1541 15
64 1481 131 1541 uiso
156 1481 186 1541 in
210 1481 320 1542 ellusos
347 1481 553 1542 incurrissent.
597 1482 625 1542 ei
652 1481 906 1562 promptissimum
937 1500 1085 1562 quemque
1114 1493 1179 1544 ett

64 1566 201 1645 proxime
223 1565 334 1627 uallum
356 1574 444 1644 atque
473 1567 503 1626 in
534 1566 613 1647 ipsos
640 1567 805 1628 munitores
832 1566 961 1646 primum
989 1567 1142 1629 inuectum

65 1650 188 1711 uixdum
210 1651 325 1730 proelio
347 1650 421 1712 inito
444 1652 594 1712 luderent.
638 1669 706 1712 cum
735 1651 857 1724 ceteris,
888 1651 938 1730 qui
965 1650 1021 1714 sub
1049 1652 1142 1732 signis

66 1745 157 1814 atque
171 1736 276 1796 ordine
291 1735 416 1813 agminis
431 1737 624 1808 incesserant,
646 1735 764 1814 longior
780 1746 809 1796 et
823 1735 872 1796 diu
887 1734 1023 1815 ambigua
1041 1755 1141 1816 pugna

64 1820 130 1880 luit.
164 1819 215 1881 sed
230 1839 299 1880 cum
314 1820 351 1880 ab
367 1819 546 1882 stationibus
561 1820 691 1899 primum
707 1821 858 1901 expeditae
873 1821 1022 1895 cohortes,
1038 1822 1143 1884 deinde
1164 1833 1180 1884 8

13 1915 43 1965 a]
64 1924 100 1965 ex
124 1922 216 1984 opere
238 1905 354 1966 deducti
377 1904 483 1966 milites
504 1916 592 1985 atque
613 1923 693 1966 arma
716 1921 823 1985 capere
845 1905 915 1966 iussi
932 1905 1032 1984 plures
1046 1925 1142 1986 usque

64 1999 95 2050 et
116 1988 227 2067 integri
249 1989 335 2051 lessis
357 1988 507 2064 subirent,
531 2008 731 2071 magnumque
752 1990 810 2051 iam
832 2008 937 2069 agmen
961 2000 1142 2054 armatorum

63 2093 80 2135 a
103 2074 209 2137 castris
230 2074 260 2136 in
283 2074 429 2155 proelium
453 2083 563 2148 rueret,
589 2085 672 2155 terga
694 2075 771 2137 haud
794 2073 882 2137 dubie
906 2071 1029 2137 uertunt
1050 2075 1143 2140 Poeni

64 2160 278 2238 Numidaeque.
316 2168 345 2221 et
360 2160 455 2239 primo
471 2161 620 2222 turmatim
637 2159 759 2221 abibant
773 2160 848 2221 nihil
862 2169 987 2240 propter
1001 2179 1144 2240 pauorem
1166 2173 1181 2224 9

65 2245 324 2307 festinationemue
340 2246 472 2308 confusis
494 2244 664 2320 ordinibus;
687 2245 767 2320 dein,
789 2254 947 2325 postquam
963 2246 1061 2307 acrius
1075 2246 1144 2307 ulti-

8 2338 42 2410 ,25
64 2330 122 2390 mis
143 2328 294 2391 incidebat
315 2330 467 2391 Romanus
489 2349 586 2409 neque
608 2330 749 2392 sustineri
772 2330 899 2409 impetus
921 2338 1047 2410 poterat,
1071 2330 1144 2391 nihil

8 2417 9 2422 ’
65 2416 124 2475 iam
148 2414 287 2475 ordinum
309 2432 455 2476 memores
478 2416 596 2495 passim,
619 2433 676 2494 qua
700 2414 808 2494 cuique
831 2415 999 2493 proximum
1020 2416 1090 2489 suit,
1113 2416 1143 2477 in

64 2501 166 2578 lugam
189 2499 393 2561 effunduntur.
438 2510 468 2561 et
490 2518 667 2579 quamquam
698 2519 733 2561 eo
764 2500 877 2579 proelio
906 2500 1088 2579 aliquantum
1118 2511 1148 2561 et
1169 2512 1197 2563 tn

65 2583 209 2645 Romanis
230 2584 307 2645 aucti
331 2591 360 2644 et
381 2584 525 2645 deminuti
547 2584 683 2646 hostibus
705 2584 797 2645 animi
820 2592 913 2655 erant,
936 2592 1034 2645 tamen
1057 2603 1144 2645 num-

65 2688 156 2748 quam
184 2686 239 2749 per
266 2668 378 2747 aliquot
399 2669 584 2748 insequentis
612 2670 674 2731 dies
703 2669 739 2730 ab
762 2666 989 2730 excursionibus
1011 2670 1144 2747 equitum

16 2760 43 2812 tt
63 2754 199 2833 leuisque
220 2761 384 2815 armaturae
410 2762 555 2816 cessatum
579 2764 633 2816 est.

151 2838 206 2899 Vbi
228 2839 299 2900 satis
319 2848 479 2919 temptatae
500 2856 556 2918 per
576 2839 648 2899 haec
670 2837 746 2899 leuia
769 2837 929 2898 certamina
956 2837 1037 2899 uires
1064 2844 1198 2913 sunt,14=

136 3043 149 3091 1
170 3036 256 3090 saltim
274 3037 333 3105 ΣΙ
347 3042 509 3105 opponentur
527 3037 567 3102 P¹,
586 3053 655 3088 corr.
676 3037 732 3102 P²ll
750 3038 765 3088 3
785 3036 865 3089 cladis
883 3036 955 3088 ΡΡΣ
972 3036 1070 3088 claudis
1088 3036 1120 3088 P¹
1143 3039 1152 3103 [1

65 3110 82 3160 l
100 3106 193 3159 eulcbd
212 3106 243 3157 Ρ1
261 3105 367 3158 sculehd
384 3105 426 3169 1¹²,
450 3106 498 3157 red
514 3120 527 3157 s
545 3105 689 3157 admodum
709 3106 827 3171 pallida,
850 3105 965 3157 colebam
984 3104 1073 3169 Σ3115
1091 3102 1147 3173 (in)

65 3173 257 3240 duodetriginta
271 3174 433 3240 Wesenberg
445 3173 455 3241 u
469 3176 485 3225 6
502 3173 534 3225 ab
547 3172 619 3225 ΡΣΡ
632 3174 664 3225 ed
678 3173 710 3223 P¹
722 3172 732 3239 Ι
744 3188 811 3241 quos
824 3171 897 3224 Ρ“Σ3
909 3188 960 3241 quo
973 3172 1004 3223 Ρι
1018 3172 1027 3237 fl
1040 3176 1054 3223 2
1069 3178 1146 3223 tarra-

65 3244 149 3295 ehone
168 3240 219 3361 Pp
235 3243 250 3294 8
269 3242 399 3294 accollunt
416 3243 439 3294 P
455 3243 465 3308 l
483 3244 500 3295 9
518 3241 596 3293 millia
614 3241 638 3291 P
654 3242 663 3304 l
681 3241 816 3308 quingenti
834 3241 879 3299 ΣΡ,
899 3256 949 3291 om.
968 3241 991 3291 Ρ
1007 3239 1017 3305 l
1038 3242 1068 3291 10
1086 3253 1146 3303 pro·

8 3319 9 3322 ’
66 3325 172 3376 gressum
239 3325 387 3376 processum
412 3310 449 3360 Σ
475 3323 627 3377 progressos
649 3310 706 3361 Joe.
732 3309 829 3373 Gran„
854 3308 904 3360 del.
928 3308 953 3359 J.
970 3306 1019 3357 Fr.
1039 3306 1119 3357 Graec
1137 3305 1146 3371 {l

68 3384 97 3431 ll
118 3378 234 3445 pediturn
252 3377 297 3440 Σ,
316 3394 367 3429 oni.
385 3377 426 3445 ΡΙ
440 3384 499 3429 octo
517 3381 544 3429 et
562 3377 730 3444 qnadraginta
748 3394 783 3427 eso
802 3376 892 3443 Polyb.
915 3376 954 3439 11,
969 3373 1011 3438 20,
1028 3374 1045 3426 8
1063 3374 1147 3424 dubit.

66 3451 137 3499 coni.
157 3445 308 3513 Sigonius!
322 3448 355 3499 14
372 3451 532 3511 opportunae
544 3446 586 3510 Pl
600 3446 632 3498 18
644 3444 746 3510 longior
761 3446 782 3495 P
796 3444 873 3510 longe
890 3442 927 3493 Σ8
939 3440 948 3508 ΙΙ
963 3443 995 3493 20
1008 3456 1089 3508 usque
1102 3441 1148 3504 ΣΙ,

69 3531 119 3566 σπι.
136 3513 179 3581 ΡΙ
193 3515 223 3566 21
243 3514 359 3565 subirent
376 3512 424 3578 ΣΡ,
445 3528 496 3565 orn.
514 3514 558 3578 Pl
569 3515 602 3565 22
620 3527 635 3564 a
654 3512 744 3564 eastris
763 3529 797 3563 aa
815 3512 905 3563 castris
923 3510 955 3561 ΡΙ
968 3509 977 3575 ΙΙ
991 3511 1023 3563 23
1041 3516 1147 3577 propter

69 3582 106 3634 Σ
122 3586 224 3650 praeter
242 3580 285 3648 ΡΙ
297 3583 330 3634 25
349 3580 480 3633 incidebat
496 3581 569 3632 ΡΨ
586 3579 733 3632 incidebant
746 3580 778 3629 Ρ1
791 3578 801 3647 ΙΙ
813 3581 846 3631 26
864 3594 913 3648 qua
930 3578 1023 3644 cuique
1036 3576 1074 3628 Σ3
1086 3593 1147 3644 qua-

68 3666 178 3717 cumque
196 3648 239 3716 ΡΙ
251 3651 282 3701 tt
298 3654 325 3702 et
338 3649 450 3702 romanis
460 3647 498 3698 Σε
515 3648 679 3715 romanisPl
691 3648 723 3701 28
739 3662 868 3713 nunquam
882 3646 927 3709 2¹,
945 3646 1086 3711 orruPlld
1103 3660 1148 3711 per

68 3718 167 3784 aliquot
191 3717 368 3783 insequenteie
388 3716 533 3769 Rbeaarm
555 3717 635 3784 prelio
660 3714 729 3784 quod
752 3714 912 3781 insequentis
935 3713 972 3763 Σι
994 3712 1147 3780 aliquotien-

68 3786 201 3852 sequentis
219 3785 244 3835 P
257 3785 356 3854 aliquot
375 3784 534 3852 insequentis
553 3788 574 3846 ς

119 3876 198 3920 erutus
211 3875 238 3919 rr
960 3865 993 3917 ιο
1075 3840 1081 3853 ’
