2734 4250
144 163 165 220 4
560 162 654 215 LIBER
671 162 735 230 XXl,
754 166 806 217 45
1088 182 1220 224 umcbtt

47 336 49 339 ’
105 347 121 398 8
142 335 344 414 stationesque
360 335 485 420 militum
501 345 734 415 conspexerunt.
759 335 885 397 uestitus
900 335 974 396 nihil
988 335 1068 396 inter
1081 337 1221 414 aequales

146 420 292 482 excellens
298 439 307 494 ς
330 439 411 481 arma
428 429 517 499 atque
532 421 599 499 equi
616 420 887 500 conspiciebantur.
924 420 1057 499 equitum
1072 421 1220 500 peditum·

145 523 203 584 que
218 504 296 566 idem
310 504 400 584 longe
414 505 529 585 primus
544 514 622 582 erat;
645 507 785 586 princeps
800 506 831 565 in
846 505 992 584 proelium
1009 504 1080 580 ibat,
1097 505 1221 568 ultimus

106 602 122 652 9
144 601 283 652 conserto
314 590 428 670 proelio
458 591 625 652 excedebat.
671 591 723 652 has
744 600 841 651 tantas
861 590 919 651 uiri
940 590 1066 651 uirtutes
1088 590 1221 670 ingentia

144 674 216 736 uitia
231 674 413 754 aequabant:
430 676 592 737 inhumana
605 674 773 750 erudelitas,
787 675 911 756 perfidia
921 675 989 755 plus
999 693 1089 754 quam
1101 676 1222 752 Punica,
1245 689 1262 737 5

145 759 220 820 nihil
241 759 315 832 ueri,
339 761 413 822 nihil
435 761 538 835 sancti,
562 760 661 822 nullus
683 760 772 821 deum
793 771 899 834 metus,
923 760 1038 821 nullum
1055 760 1102 822 ius
1118 761 1222 822 iuran-

93 856 122 906 tu
143 845 225 919 dum,
248 845 328 907 nulla
350 845 463 925 religio.
508 863 577 908 cum
599 847 653 906 hae
674 845 776 906 indole
798 845 943 907 uirtutum
968 855 1057 923 atque
1079 845 1221 908 uitiorum

143 930 274 992 triennio
285 930 341 992 sub
354 930 536 993 Hasdrubale
550 931 730 1010 imperatore
743 929 853 990 meruit
868 929 948 991 nulla
962 947 1005 1004 re,
1021 949 1097 1009 quae
1107 930 1222 1009 agenda

144 1014 332 1095 uidendaque
353 1011 462 1096 magno
484 1017 586 1077 luturo
609 1015 676 1076 duci
699 1025 785 1088 esset,
807 1014 1025 1094 praetermissa.

110 1107 128 1160 5
231 1099 368 1162 Ceterum
397 1120 433 1162 ex
460 1119 519 1180 quo
548 1101 595 1162 die
624 1100 683 1161 dux
712 1109 757 1162 est
778 1100 957 1174 declaratus,
986 1101 1070 1162 uelut
1090 1101 1173 1162 ltalia
1195 1103 1225 1163 ei
1247 1113 1278 1164 lu

144 1185 300 1265 prouincia
322 1188 440 1248 decreta
460 1185 631 1265 bellumque
653 1185 819 1246 Romanurn
843 1186 1015 1245 mandatum
1037 1196 1125 1259 esset,
1147 1186 1225 1248 nihil

107 1281 121 1329 2
142 1269 350 1348 prolatandum
365 1282 456 1345 ratus,
473 1291 512 1333 ne
526 1291 559 1333 se
573 1289 704 1350 quoque,
720 1280 753 1331 ut
767 1279 881 1350 patrem
893 1269 1098 1343 Hamilcarem,
1113 1271 1223 1333 deinde

144 1353 369 1431 Hasdrubalem,
392 1365 583 1419 cunctantem
605 1375 692 1418 casus
712 1355 818 1434 aliquis
834 1356 1025 1435 opprimeret,
1049 1356 1224 1435 Saguntinis

107 1440 256 1504 tinlerre
284 1441 395 1503 beHum
423 1443 534 1503 statuit.
579 1441 688 1520 quihus
711 1441 919 1521 oppugnandis
941 1440 1009 1519 quia
1030 1441 1108 1502 haud
1131 1441 1222 1503 dubie
1366 1513 1367 1522 χ

145 1524 278 1588 Romana
300 1546 380 1588 arma
403 1525 618 1600 mouebantur,
647 1526 677 1586 in
703 1526 846 1587 Olcadum
875 1526 959 1605 prius
984 1528 1060 1588 dues
1082 1560 1123 1571 —
1144 1527 1225 1587 ultra
1247 1539 1282 1590 te

145 1609 288 1673 Hiberum
305 1631 338 1672 ea
353 1631 427 1691 gens
449 1612 478 1672 in
496 1623 581 1691 parte
604 1611 698 1689 magis
712 1629 800 1689 quarn
816 1610 846 1670 in
862 1611 980 1672 dicione
996 1610 1223 1691 Carthaginien·

144 1694 221 1755 sium
237 1707 298 1757 erat
314 1730 353 1740 —
369 1695 485 1757 induxit
500 1695 671 1769 exercitum,
694 1704 728 1756 ut
750 1715 810 1755 non
830 1696 940 1773 petisse
955 1696 1146 1775 Saguntinos,
1169 1698 1222 1758 sed

144 1797 246 1840 rerum
268 1781 344 1842 serie
367 1779 500 1842 finitimis
523 1779 641 1841 domitis
662 1780 802 1859 gentibus
823 1780 1035 1860 iungendoque
1057 1790 1170 1843 tracuus
1183 1781 1223 1842 ad

107 1864 172 1925 tid
194 1863 305 1926 bellum
328 1865 424 1926 uideri
451 1875 560 1945 posset.
606 1864 750 1926 Cartalam
779 1865 885 1926 urbem
914 1866 1101 1944 opulentam,
1131 1878 1223 1946 caput

145 1950 243 2028 gentis
265 1950 338 2020 eius,
362 1962 513 2030 expugnat
534 1949 710 2029 diripitque;
734 1969 793 2028 quo
809 1961 891 2010 metu
912 1951 1067 2030 perculsae
1088 1951 1224 2014 minores
1245 1963 1282 2014 2⁰

145 2034 279 2097 ciuitates
293 2036 443 2114 stipendio
458 2034 587 2115 inposito
603 2035 760 2114 imperium
776 2053 928 2114 accepere.
962 2035 1059 2096 uictor
1073 2036 1223 2099 exercitus

145 2119 365 2200 opulentusque
393 2121 500 2200 praeda
523 2119 730 2201 Carthaginem
755 2120 870 2181 Nouam
899 2119 929 2182 in
955 2120 1080 2183 hiberna
1102 2131 1148 2184 est
1169 2123 1223 2183 de-

107 2206 259 2267 tductus.
304 2205 344 2266 ibi
372 2206 452 2287 large
480 2206 637 2287 partiendo
667 2206 806 2285 praedam
833 2206 1040 2285 stipendioque
1060 2208 1222 2287 praeterito

145 2309 213 2351 cum
236 2292 293 2353 fide
316 2292 498 2355 exsoluendo
520 2292 636 2353 cunctis
658 2292 769 2352 ciuium
791 2290 1003 2370 sociorumque
1020 2292 1126 2354 animis
1140 2293 1171 2353 in
1187 2313 1222 2355 se
1362 2355 1366 2364 ,

107 2388 123 2437 t
144 2377 266 2439 firmatis
282 2395 353 2439 uere
368 2378 465 2457 primo
481 2378 511 2438 in
524 2376 671 2439 Vaccaeos
685 2386 856 2456 promotum
872 2375 992 2437 bellum.
1023 2376 1224 2439 Hermandica
1245 2388 1282 2438 25

146 2469 176 2522 et
197 2462 351 2537 Arbocala,
374 2481 477 2524 eorum
499 2460 604 2537 urbes,
634 2463 664 2523 ui
688 2473 798 2540 captae.
842 2460 986 2522 Arbocala
1007 2471 1037 2523 et
1058 2462 1170 2523 uirtute
1191 2474 1224 2525 et

108 2547 333 2608 tmultitudine
356 2547 573 2628 oppidanorum
597 2548 646 2609 diu
670 2547 800 2608 defensa.
838 2545 874 2607 ab
891 2546 1086 2607 Hermandica
1101 2548 1224 2628 profugi

146 2632 283 2694 exulibus
302 2632 453 2708 Olcadum,
475 2632 575 2711 priore
597 2640 708 2693 aestate
729 2632 858 2692 domitae
879 2632 985 2711 gentis,
1009 2649 1077 2693 cum
1098 2652 1131 2693 se
1152 2632 1224 2695 iun·

107 2729 122 2778 e
144 2716 266 2792 iissent,
288 2720 441 2778 concitant
456 2717 647 2796 Carpetanos,
669 2716 825 2794 adortique
841 2715 1037 2777 Hannibalem
1052 2736 1222 2796 regressum

146 2820 180 2862 ex
208 2802 344 2864 Vaccaeis
371 2802 447 2863 haud
476 2802 580 2881 procul
603 2802 684 2881 Tago
713 2801 836 2862 flumine
864 2820 970 2880 agmen
995 2820 1087 2881 graue
1115 2803 1225 2881 praeda
1248 2814 1285 2865 ω

106 2899 123 2947 a
144 2888 314 2948 turbauere.
351 2886 500 2949 Hannibal
520 2885 634 2967 proelio
656 2886 807 2959 abstinuit,
830 2886 994 2965 castrisque
1015 2906 1106 2966 super
1126 2888 1222 2968 ripam

145 2972 259 3050 positis,
281 2991 348 3033 curn
372 2972 467 3051 prima
489 2972 574 3051 quies
588 2972 799 3050 silentiumque
812 2972 848 3032 ab
866 2971 1002 3034 hostibus
1016 2973 1080 3047 fuit,
1103 2992 1222 3035 amnem

145 3056 222 3119 uado
244 3058 359 3118 traiecit
372 3057 510 3136 ualloque
526 3058 564 3118 ita
586 3058 743 3137 producto,
765 3065 801 3139 ut
820 3056 919 3118 locum
942 3058 978 3119 ad
999 3058 1223 3139 transgredien-

93 3153 122 3203 tu
145 3143 214 3203 dum
237 3142 338 3205 hostes
360 3141 513 3217 haberent,
536 3142 678 3203 inuadere
700 3161 752 3204 eos
773 3153 964 3204 transeuntes
984 3144 1096 3205 statuit.
1135 3145 1222 3222 equi-

233 3366 244 3413 1
271 3361 365 3413 uestitu
387 3377 442 3411 rae.
459 3377 495 3410 aa
516 3360 626 3412 uestitus
651 3357 721 3426 0l²
744 3359 874 3411 excellens
897 3375 966 3411 arma
988 3360 1057 3424 ew,
1080 3374 1131 3411 om.
1154 3359 1196 3410 w

146 3434 162 3482 8
175 3429 327 3480 hasdrubale
339 3428 374 3492 Cll
385 3432 417 3480 to
429 3426 572 3479 declaratur
583 3427 655 3479 C²dl⁴
667 3427 842 3491 declaraturus
852 3428 883 3479 0¹
895 3426 1031 3479 declaratis
1039 3428 1080 3479 Μ’
1088 3427 1099 3494 Ι
1108 3431 1141 3482 14
1152 3427 1204 3480 hau

146 3496 207 3549 CM²
223 3497 287 3548 haut
305 3496 365 3563 tut
380 3499 411 3549 16
435 3496 557 3547 ditionem
576 3494 617 3565 Ol
633 3496 663 3548 ts
688 3494 792 3547 domitis
811 3495 880 3561 θ’Μ,
905 3511 954 3547 cm.
974 3495 1220 3564 C¹liuugendoque

145 3565 194 3629 M¹‚
211 3567 241 3615 iu
255 3566 276 3614 C
291 3580 397 3615 erasum
415 3568 461 3627 est,
479 3563 664 3630 iungendisque
676 3562 716 3614 Μ*
733 3563 913 3632 uincendoque
930 3566 998 3614 coni.
1014 3562 1095 3615 Groru
1112 3564 1221 3631 iungen-

145 3634 230 3700 doque
242 3629 374 3701 <proxima
388 3646 506 3699 quaeque
517 3632 562 3681 uel
573 3629 712 3698 ulteriora>
721 3632 804 3683 dubit.
816 3637 885 3684 cerri.
900 3630 1108 3697 Weissenborn!
1122 3634 1154 3685 ts
1166 3646 1221 3684 ear·

146 3707 236 3752 tottam
256 3700 296 3767 Ol
310 3703 340 3753 21
365 3700 500 3765 imperium
519 3699 583 3750 C'M
601 3698 709 3764 imperio
729 3699 780 3767 0¹1
794 3714 916 3766 accepere
935 3698 996 3750 ΟΨ
1019 3699 1136 3766 accipere
1152 3700 1222 3768 ΜῚ

146 3770 179 3820 tt
197 3768 340 3821 exolucndo
360 3768 445 3835 01126
464 3782 551 3819 eorum
569 3766 696 3819 Sanctius
714 3772 872 3819 cartaeorum
889 3767 934 3817 uel
950 3774 1108 3818 castaeorum
1129 3766 1221 3819 Coer-

148 3836 229 3889 torum
241 3854 295 3889 ras.
307 3854 342 3889 aa·
354 3845 495 3890 cartoerum
507 3834 537 3887 dl
549 3848 717 3887 uaccaeorum
729 3834 880 3903 Segouiael
893 3836 926 3887 ³0
944 3834 1012 3886 haud
1025 3834 1087 3886 Cll’
1103 3835 1166 3886 haut
1177 3836 1219 3887 at¹
