2734 4250
101 148 121 181 a
133 137 183 181 ctr.
196 139 234 181 ιιι
484 119 580 173 LIBER
596 118 686 188 XXVl,
698 123 723 174 5.
741 124 757 177 6
1151 118 1169 179 7

99 312 192 373 neque
219 294 347 356 telorum
374 294 421 356 uis
442 310 546 355 arcere
572 294 718 373 impetum
747 292 810 355 eius
839 292 896 355 uiri
925 301 1097 373 potuerunt
1141 302 1208 362 etc

99 380 136 441 ll.
159 378 263 441 Atilius
291 380 404 457 legatus
432 378 521 458 primi
548 378 694 459 principis
722 397 758 441 ex
780 379 881 441 eadem
912 377 1030 459 legione
1051 379 1171 459 signum

100 466 206 527 inferre
221 466 253 525 in
269 465 422 526 cohortem
439 464 640 544 Hispanorum
655 464 769 545 coepit;
784 472 814 526 et
827 464 879 543 qui
894 464 998 525 eastris
1013 473 1173 545 praeerant

99 550 131 611 L.
146 549 270 612 Porcius
286 550 407 613 Licinus
429 561 459 612 et
475 548 509 610 T.
525 549 658 629 Popilius
681 549 768 628 legati
790 568 846 630 pro
869 548 948 610 uallo
970 550 1079 612 acriter
1100 568 1173 630 pro-

64 645 79 696 o
97 645 231 715 pugnant
245 635 478 715 elephantosque
492 634 744 714 transgredientes
765 634 796 695 in
820 634 885 714 ipso
902 634 980 696 uallo
996 634 1171 696 conficiunt.

99 738 223 799 quorum
245 720 422 802 corporibus
444 738 513 781 cum
535 720 654 799 oppleta
676 720 755 783 losse
777 728 862 793 esset,
888 718 972 781 uelut
994 738 1101 799 aggere
1123 727 1210 781 autt

96 816 188 885 ponte
202 805 311 868 iniecto
325 804 482 868 transitum
497 806 632 867 hostibus
646 804 736 866 dedit.
767 804 808 865 ibi
822 822 913 884 super
927 814 1055 885 stragem
1071 804 1171 867 iacen-

97 891 169 953 tium
184 889 408 971 elephantorum
428 900 513 953 atrox
535 890 612 951 edita
635 890 749 951 caedes.
785 890 877 951 altera
899 890 929 951 in
953 899 1037 969 parte
1060 898 1209 953 castro-a

96 992 162 1037 rum
189 976 247 1037 iam
274 976 385 1057 inpulsi
410 984 496 1038 erant
518 975 660 1054 Campani
680 974 888 1054 Punicumque
918 974 1113 1055 praesidium,
1142 983 1172 1037 et

51 1070 78 1122 tt
95 1061 149 1123 suh
164 1061 229 1141 ipsa
244 1070 329 1141 porta
344 1061 470 1141 Capuae,
486 1079 563 1140 quae
577 1060 756 1121 Vulturnum
771 1061 838 1135 lert,
854 1060 1058 1139 pugnabatur;
1075 1079 1173 1141 neque
1194 1069 1209 1120 t

96 1156 153 1207 um
183 1147 288 1209 armati
313 1146 554 1227 inrumpentibus
575 1144 718 1207 Romanis
746 1144 939 1219 resistebant,
969 1164 1056 1224 quam
1085 1153 1171 1226 porta

96 1231 218 1294 balhstis
232 1231 501 1313 scorpionibusque
518 1232 663 1293 instructa
679 1230 839 1293 mhsilihus
853 1230 958 1311 procul
980 1232 1072 1293 hostis
1087 1249 1171 1292 aree·

95 1316 153 1379 hat
174 1327 206 1379 et
219 1318 385 1398 suppressit
396 1317 538 1398 impetum
550 1317 756 1379 Romanorum
771 1316 882 1379 uulnus
897 1315 1084 1396 imperatoris
1096 1316 1172 1396 Appi
1193 1326 1208 1377 b

96 1402 207 1476 Claudi,
229 1404 277 1464 cui
298 1420 370 1465 suos
390 1412 460 1465 ante
481 1402 577 1483 prima
595 1402 680 1481 sigua
696 1400 863 1463 adhortanti
879 1400 935 1463 suh
957 1400 1041 1463 laeuo
1065 1419 1170 1462 umero

50 1494 76 1545 tt
94 1505 243 1549 summum
265 1498 369 1568 pectus
390 1506 479 1568 gaeso
504 1487 595 1548 ictum
618 1496 672 1548 est.
717 1504 824 1566 magna
852 1486 897 1547 uis
919 1495 1017 1547 umen
1041 1486 1171 1548 hostium

95 1582 163 1634 ante
186 1582 307 1653 portam
329 1581 375 1635 est
395 1591 494 1645 caesa,
517 1572 608 1634 ceteri
632 1570 740 1651 trepidi
765 1572 797 1631 in
820 1572 924 1633 urbem
951 1570 1098 1651 conpulsi.
1143 1580 1210 1631 eto

95 1656 254 1731 Hannibal,
272 1666 431 1738 postquam
446 1657 577 1720 cohortis
591 1656 793 1737 Hispanorum
807 1666 936 1736 stragem
953 1656 1026 1718 uidit
1040 1673 1170 1718 summa·

96 1761 152 1821 que
173 1743 208 1805 ui
230 1751 325 1805 castra
347 1743 476 1805 hostium
498 1742 632 1813 delendi,
661 1742 767 1804 omissa
792 1740 1016 1821 oppugnatione
1038 1741 1171 1821 recipere

95 1828 177 1908 signa
200 1838 232 1890 et
253 1836 430 1890 conuertere
452 1846 557 1907 agmen
574 1828 707 1908 peditum
724 1825 842 1889 obiecto
864 1827 901 1888 ah
923 1834 1007 1906 tergo
1029 1827 1171 1907 equitatu,

49 1920 75 1971 tt
96 1932 131 1973 ne
152 1914 251 1976 hostis
272 1914 405 1986 instaret,
430 1914 538 1993 coepit.
582 1912 733 1993 legionum
760 1912 848 1973 ardor
870 1912 977 1992 ingens
998 1911 1033 1972 ad
1055 1912 1209 1975 bostemt

95 1998 315 2080 insequendum
330 1999 400 2082 luit3
422 1997 546 2059 Flaccus
560 1998 694 2077 receptui
709 1998 776 2059 cani
790 1997 884 2071 iussit,
906 1996 976 2058 satis
997 1997 1031 2058 ad
1054 2006 1172 2059 utrum·

95 2103 152 2164 que
173 2084 344 2166 proiectum
367 2093 458 2157 ratus,
485 2091 519 2147 ut
540 2092 570 2145 et
592 2082 749 2163 Campani,
779 2100 868 2162 quam
890 2082 967 2144 haud
990 2082 1116 2144 multum
1139 2083 1170 2146 in

94 2169 261 2233 Hannibale
283 2169 420 2250 praesidii
444 2178 530 2243 esset,
553 2177 582 2229 et
604 2169 668 2248 ipse
684 2167 833 2229 llannihal
854 2167 988 2230 sentiret
1027 2186 1111 2230 caesa
1134 2186 1170 2229 eo
1192 2176 1207 2228 8

94 2256 140 2317 die
161 2255 216 2336 qui
239 2255 328 2317 huius
349 2273 468 2336 pugnae
489 2262 626 2316 auctores
647 2263 719 2316 sunt
745 2263 813 2314 octo
842 2251 921 2313 milia
950 2251 1106 2314 hominum
1134 2254 1171 2315 de

49 2346 75 2398 b
93 2340 270 2404 llannihalis
285 2340 427 2413 exercitu,
448 2339 503 2401 tria
518 2358 554 2400 ex
570 2337 726 2419 Campanis
742 2337 871 2409 tradunt,
888 2337 1032 2417 signaque
1049 2336 1171 2399 Cartha·

92 2427 280 2505 giniensibus
301 2425 470 2506 quindecim
492 2424 643 2504 adempta,
671 2421 876 2502 duodeuiginti
899 2421 1071 2501 Campanis;
1101 2431 1173 2502 aput
1193 2430 1209 2482 e

92 2512 162 2574 ahos
184 2528 377 2591 nequaquam
399 2520 512 2572 tanum
527 2508 637 2570 molem
652 2526 771 2588 pugnae
790 2507 893 2569 inueni
908 2507 1036 2586 plusque
1052 2508 1172 2587 pauoris

93 2616 180 2676 quam
193 2595 368 2659 certaminis
378 2595 479 2666 luisse,
489 2612 557 2656 cum
569 2593 724 2673 inopinato
735 2594 767 2654 in
779 2601 874 2655 castra
884 2591 1017 2653 llomana
1028 2592 1172 2654 Numidae

93 2681 280 2763 llispanique
301 2699 370 2742 cum
398 2679 565 2759 elephantis
590 2679 789 2758 inrupissent,
818 2677 968 2756 elephanti
993 2695 1048 2757 per
1077 2677 1173 2739 media
1194 2686 1224 2737 10

47 2772 73 2824 tt
91 2779 183 2830 casua
198 2768 346 2830 uadentes
359 2776 488 2844 stragem
502 2764 762 2825 tabernaculorum
778 2761 894 2842 ingenti
908 2762 1008 2824 sonitu
1022 2781 1058 2822 ac
1071 2765 1173 2843 lugam

92 2852 335 2934 abrumpentium
358 2849 478 2912 uincula
499 2849 701 2911 iumentorum
723 2849 869 2922 lacereut;
896 2847 1030 2909 lraudem
1052 2866 1173 2928 quoque
1194 2856 1223 2908 11

92 2957 182 3018 super
204 2937 368 3000 tumultum
389 2934 532 2997 adiectam
558 2934 690 2996 inmissis
716 2933 752 2994 ab
776 2931 958 3009 Hannibale,
990 2933 1040 3012 qui
1070 2933 1172 2995 habitu

93 3022 203 3098 ltalico,
226 3023 314 3102 gnari
329 3021 450 3082 Latinae
473 3020 600 3098 linguae,
623 3018 763 3081 iuberent
783 3017 940 3080 consulum
963 3017 1072 3093 uerbis,
1096 3037 1171 3099 quo·

94 3109 170 3170 niam
192 3108 302 3170 amissa
324 3114 419 3168 castra
441 3115 555 3177 essem,
584 3123 639 3185 pro
668 3123 700 3166 se
729 3121 878 3183 quemque
900 3102 1025 3164 militum
1047 3103 1076 3164 in
1101 3122 1173 3183 pro·

51 3195 198 3258 brumes
226 3191 341 3255 montis
369 3192 487 3271 lugere3
521 3189 572 3250 sed
601 3208 666 3251 eam
696 3188 831 3251 celeriter
859 3188 1008 3268 cognitam
1037 3189 1172 3250 iraudem
1195 3193 1225 3247 n

159 3395 291 3450 binierre
316 3393 430 3459 Ruperti
451 3391 543 3444 inferni
567 3392 599 3444 1³¹
622 3391 710 3444 inlerrl
728 3388 762 3441 P·
773 3389 783 3457 l
796 3389 882 3456 coepit
899 3387 1012 3455 liuperto·
1029 3402 1076 3440 coe
1095 3387 1173 3456 1th

95 3472 213 3530 preerant
231 3463 276 3529 ΡΙ
289 3465 392 3528 isuper
406 3459 502 3525 Ussing
514 3475 559 3527 per
570 3459 612 3527 Pl
629 3463 656 3512 lt
671 3464 723 3510 mm
736 3461 755 3524 ς
767 3459 817 3510 lam
830 3456 871 3524 Pil
885 3455 1072 3509 resistebantP
1095 3471 1173 3524 quam

98 3531 176 3586 ὒνοπ.
190 3547 270 3600 qnam
286 3545 338 3598 quo
354 3528 393 3597 ΡΙ
409 3532 440 3582 15
458 3543 534 3581 caeso
551 3528 603 3580 ictu
613 3528 653 3593 ΡΙ
668 3531 700 3580 t'l
714 3541 851 3594 spanorum
863 3523 905 3591 ΡΙ
919 3525 951 3579 18
964 3525 1123 3592 oppugtione
1134 3526 1173 3592 Pil

99 3605 128 3654 ta
150 3615 243 3655 acmen
262 3600 306 3665 ΡΙ
318 3599 350 3650 23
368 3605 438 3649 esset
456 3613 491 3648 ean
508 3597 571 3648 isset
589 3595 643 3663 1³¹1
656 3610 730 3648 caesa
749 3593 783 3645 1²²
800 3607 858 3646 caes
876 3592 908 3644 ΡΙ
921 3591 931 3659 ΙΙ
945 3594 978 3645 24
995 3593 1111 3660 plerique
1129 3594 1175 3644 nel

97 3668 138 3720 alii
154 3671 201 3721 uel
220 3667 326 3736 quidam
344 3670 408 3717 ante
425 3665 470 3733 qui
487 3663 533 3715 uel
546 3670 608 3731 poet
625 3668 684 3715 sunt
702 3663 812 3714 uidetur
830 3660 1019 3728 intercidiaeell
1033 3661 1113 3713 millia
1130 3660 1174 3729 ΡΙ

98 3739 128 3789 tt
145 3737 234 3791 inueni
254 3734 286 3787 1²¹
303 3733 414 3786 inueniri
431 3731 466 3784 1⁹¹
482 3733 585 3785 inuenio
603 3731 688 3798 §lili
709 3731 812 3784 uincula
830 3747 865 3781 aa
881 3729 997 3782 nincnlar
1014 3729 1046 3782 1³¹
1059 3727 1069 3796 l
1081 3731 1115 3782 32
1133 3729 1174 3781 in·

97 3806 173 3859 cissis
190 3803 236 3873 ΡΙ
248 3803 337 3855 habitu
355 3802 444 3854 italico
466 3799 652 3853 Weissenborn
670 3799 826 3852 hahuitalico
844 3797 885 3866 Pl
898 3799 931 3850 33
951 3797 1036 3850 neruis
1054 3799 1076 3849 Ρ
