2734 4250
87 186 108 220 c
121 174 174 219 car.
187 176 227 218 tot
496 156 589 212 ussit
606 156 705 224 XXVil,
723 160 756 212 39
1103 156 1163 219 113

86 348 118 392 se
140 340 327 410 transgresso
350 330 380 390 in
403 328 514 391 italiam
536 349 611 405 esse,
635 329 691 392 nisi
714 330 880 392 mitteretur
901 330 932 391 in
956 329 1089 409 Ligures,
1113 332 1164 411 qui

88 434 138 477 eos
160 414 240 476 beiio
261 424 439 494 occuparet;
467 432 499 476 se
522 433 591 476 curn
614 414 745 477 inualido
768 415 915 488 exercitu,
945 414 1042 494 quoad
1066 424 1163 479 tutum

87 508 215 579 putaret,
239 517 478 580 progressurum.
522 500 577 560 bae
598 499 712 561 litterae
735 500 874 561 consules
895 500 1002 580 raptim
1024 502 1163 563 coniecto
1185 512 1200 562 a

87 584 195 646 dilectu
211 585 366 659 maturius,
389 602 477 664 quam
496 583 722 658 constituerant,
744 586 825 646 exire
847 585 877 645 in
901 584 1072 663 prouincias
1094 604 1163 647 coe·

53 682 68 729 t
87 677 197 748 gerunt
211 687 247 730 ea
261 679 371 742 mente,
391 679 424 731 ut
438 678 564 748 uterque
578 669 695 731 bostem
711 670 742 731 in
758 688 809 731 sua
825 670 979 749 prouincia
995 671 1164 732 contineret

87 772 185 834 neque
199 754 342 834 coniungi
365 761 416 815 aut
430 756 568 816 conterre
590 755 621 816 in
643 772 739 815 unum
762 755 841 817 uires
863 763 1024 835 pateretur.
1068 755 1200 835 pluri-t

86 856 168 901 mum
183 840 215 901 in
231 858 294 901 eam
310 857 373 900 rem
388 839 502 901 adiuuit
516 839 618 919 opinio
631 839 813 913 Hannibalis,
829 840 918 919 quod,
934 840 989 902 etsi
1005 858 1039 901 ea
1054 850 1163 903 aestate

88 924 284 986 transiturum
307 925 340 986 in
362 924 474 985 ltaliam
495 926 618 986 tratrem
645 924 825 999 crediderat,
852 924 1055 999 recordando,
1085 944 1161 1005 quae

87 1009 152 1088 ipse
176 1009 208 1070 in
233 1010 359 1073 transitu
382 1027 465 1070 nune
487 1008 622 1072 Rhodani
650 1028 733 1070 nune
754 1008 872 1089 Alpium
901 1027 970 1070 oum
993 1008 1163 1072 bominibus

37 1104 66 1155 tu
87 1093 220 1173 iocisque
242 1093 403 1173 pugnando
425 1112 480 1173 per
501 1094 635 1173 quinque
656 1112 774 1157 menses
795 1094 988 1166 exhausisset,
1012 1094 1164 1174 haudqua—
1185 1104 1200 1156 t

87 1197 175 1257 quam
191 1188 253 1240 tam
267 1178 382 1241 facilem
397 1188 605 1257 maturumque
619 1180 778 1241 transitum
794 1178 985 1259 aspectabat;
1003 1198 1035 1239 ea
1051 1179 1163 1242 tardius

87 1264 229 1325 mouendi
252 1282 288 1326 ea
310 1264 443 1325 bibernis
471 1282 558 1325 causa
586 1264 650 1325 init
694 1272 826 1325 ceterum
857 1263 1031 1325 Hasdrubali
1061 1271 1091 1325 et
1111 1274 1201 1326 suat

88 1358 118 1410 et
138 1348 264 1410 aliorum
286 1366 339 1429 spe
362 1349 460 1410 omnia
483 1348 625 1409 celeriora
648 1358 737 1427 atque
760 1348 940 1429 expeditiora
962 1350 1056 1411 tuere.
1101 1368 1162 1410 non

88 1433 168 1493 enirn
183 1441 364 1513 receperunt
385 1433 472 1495 modo
487 1433 615 1494 Aruerni
637 1452 706 1494 eum
727 1432 926 1513 deincepsque
948 1433 1020 1495 aliae
1036 1433 1162 1495 Gallicae

36 1526 67 1578 ta
87 1525 177 1596 atque
199 1518 321 1598 Alpinae
348 1528 468 1597 gentes,
497 1518 548 1579 sed
571 1519 658 1579 etiam
680 1528 800 1579 secutae
822 1517 949 1579 suntad
972 1518 1093 1579 beilum.
1135 1527 1166 1580 et
1186 1528 1220 1577 t·

87 1620 156 1663 eum
185 1621 240 1682 per
268 1602 382 1664 munita
410 1602 552 1683 pleraque
578 1603 705 1664 transitu
734 1603 846 1676 fratris,
876 1621 952 1682 quae
974 1612 1059 1665 antea
1082 1604 1163 1665 inuia

84 1688 221 1760 inerant,
251 1688 392 1761 ducebat,
421 1698 484 1748 tum
510 1688 597 1749 etiarn
619 1686 774 1749 duodecim
798 1704 945 1749 annorum
968 1688 1161 1749 adsuetudine

85 1772 201 1852 peruiis
222 1772 346 1851 Alpibus
375 1772 460 1834 iactis
486 1774 566 1833 inter
594 1773 711 1834 mitiora
743 1774 800 1834 iam
832 1772 975 1835 transibat
1007 1774 1161 1835 bominum

85 1856 219 1936 ingenia.
262 1857 405 1919 inuisitati
434 1875 562 1936 namque
588 1868 674 1919 antea
703 1858 876 1935 alienigenis
906 1876 961 1919 nec
983 1858 1084 1920 uidere
1107 1858 1199 1938 ipsit

35 1950 63 2003 m
84 1941 232 2003 aduenam
247 1942 278 2002 in
293 1961 345 2003 sua
360 1952 439 2003 terra
454 1942 577 2015 adsueti,
600 1944 681 2003 omni
697 1943 799 2021 generi
821 1943 953 2003 bumano
975 1942 1162 2005 insociabiles

86 2035 183 2089 erant
214 2035 245 2088 et
265 2026 362 2106 primo
377 2027 483 2105 ignari,
506 2043 566 2105 quo
583 2027 701 2089 Poenus
723 2037 871 2106 pergeret,
893 2044 961 2090 suas
983 2044 1073 2107 rupes
1094 2045 1161 2089 sua-

86 2130 146 2191 que
161 2112 280 2174 castella
296 2121 325 2174 et
340 2130 483 2192 pecorum
498 2112 713 2191 bominumque
728 2110 868 2192 praedam
884 2112 944 2192 peti
960 2111 1161 2189 crediderant;

13 2232 14 2275 p
84 2199 163 2258 tama
185 2198 293 2259 deinde
316 2197 420 2258 Punici
443 2197 520 2270 beili,
544 2215 603 2276 qno
625 2198 833 2259 duodecimum
856 2214 967 2258 annum
989 2196 1070 2257 italia
1093 2204 1200 2258 ure-t

85 2281 185 2356 batur,
207 2283 278 2344 satis
292 2281 452 2344 edocuerat
471 2283 548 2344 uiam
567 2289 682 2343 tantum
698 2281 780 2360 Alpis
795 2299 868 2352 esse,
891 2282 964 2342 duas
979 2281 1162 2360 praeualidas

33 2375 63 2427 5
84 2367 188 2442 urbes,
210 2385 319 2446 magno
341 2368 420 2429 inter
441 2385 474 2428 se
495 2368 584 2428 maris
605 2375 813 2445 terrarumque
834 2366 930 2445 spatio
952 2365 1101 2438 discretas,
1125 2365 1161 2425 de

84 2452 213 2532 imperio
236 2460 267 2513 et
286 2451 394 2532 opibus
415 2461 539 2513 certare.
583 2452 638 2512 bae
661 2469 766 2512 musae
788 2458 968 2530 aperuerant
984 2449 1066 2529 Alpis
1089 2449 1161 2512 iias-
1184 2458 1214 2510 tu

13 2526 14 2581 i
84 2536 212 2598 drubaii.
255 2545 387 2598 ceterum
415 2537 495 2616 quod
524 2536 673 2598 celeritate
697 2535 810 2597 itineris
835 2536 1001 2615 proiectum
1026 2542 1102 2608 erat,
1133 2536 1161 2596 id
1185 2541 1212 2594 it

84 2639 170 2683 mora
185 2622 221 2683 ad
239 2621 425 2693 Placentiam,
448 2622 517 2682 dum
533 2622 642 2682 trustra
657 2621 773 2700 opsidet
787 2620 879 2700 magis
895 2638 983 2699 quarn
999 2629 1161 2699 oppugnat,

84 2706 237 2786 conrupit
281 2706 445 2767 crediderat
460 2706 633 2784 campestris
648 2705 749 2786 oppidi
772 2705 886 2766 facilem
910 2703 1162 2785 expugnationem
1183 2710 1212 2762 12

31 2800 61 2852 a)
84 2809 161 2866 esse,
184 2800 213 2851 et
230 2791 367 2852 nobilitas
388 2791 523 2853 coloniae
544 2791 702 2852 induxerat
723 2809 806 2864 eum,
830 2808 969 2870 magnum
993 2807 1024 2851 se
1046 2789 1161 2851 excidio

84 2876 151 2938 eius
180 2875 263 2937 urbis
290 2885 435 2937 terrorem
464 2876 570 2937 ceteris
598 2883 694 2936 ratum
723 2875 911 2938 iniecturum.
957 2894 1017 2936 non
1041 2875 1105 2954 ipse
1130 2893 1162 2936 se
1184 2880 1213 2932 ta

83 2960 182 3023 solum
206 2979 239 3021 ea
262 2959 485 3041 oppugnatione
506 2959 646 3040 inpediit,
673 2960 724 3021 sed
748 2959 942 3022 Hannibalem
965 2961 1160 3040 postiemum

82 3045 229 3107 transitus
244 3045 308 3107 eius
322 3053 406 3107 tanto
419 3063 473 3125 spe
488 3063 541 3107 sua
556 3045 729 3107 celeriorem
752 3047 808 3106 iam
824 3054 994 3108 mouentem
1010 3062 1046 3107 cx
1061 3044 1162 3106 biber·

84 3213 180 3265 scribta
201 3211 269 3279 1³11
290 3211 392 3278 ingeres
408 3210 450 3279 ΡΙ
465 3214 480 3265 3
497 3211 589 3279 raptim
607 3227 662 3264 ros.
675 3227 711 3263 aa
727 3215 828 3276 raptum
841 3209 913 3328 ψ
930 3211 1046 3262 exiretP
1078 3209 1103 3260 in
1116 3208 1162 3274 2¹,

84 3281 221 3342 ΜΡΝ
239 3286 269 3332 nt
280 3279 327 3344 2⁸,
345 3294 396 3332 oua.
414 3280 456 3345 Pii
470 3283 577 3347 curque
588 3277 629 3330 λ’
640 3279 744 3346 utrique
755 3277 798 3345 Pi
811 3283 870 3330 cont
881 3282 970 3329 ament
982 3277 1038 3327 2³?
1074 3278 1162 3329 deon·

83 3347 153 3400 terre
164 3346 306 3400 Pcouierri
319 3347 357 3398 >3¹
368 3347 378 3413 Ι
391 3350 540 3414 paterentur
551 3346 588 3396 Σ*
600 3345 611 3414 Ι
623 3347 639 3400 t
655 3362 705 3414 que
717 3345 760 3414 ΡΙ
774 3349 805 3398 iii
818 3346 996 3413 baoqnaquam
1009 3345 1033 3394 P
1042 3343 1095 3464 ipit
1110 3359 1162 3395 ma·

16 3458 17 3465 ,
84 3421 224 3482 torumque
235 3415 274 3466 2¹
290 3418 417 3482 atumanq.
429 3414 472 3483 Pi
485 3417 517 3469 14
534 3415 601 3467 eliae
619 3430 669 3467 om.
681 3414 741 3482 2¹11
756 3416 786 3466 tr
805 3411 915 3465 ducebat
932 3411 971 3463 θ
982 3411 1047 3464 duee
1066 3417 1111 3463 ant
1122 3412 1158 3478 Pi

86 3485 119 3538 18
136 3483 265 3536 uansibat
286 3482 333 3534 est
349 3483 492 3535 transibant
509 3484 546 3533 2⁸
568 3481 712 3534 transibant
729 3481 772 3548 Pi
789 3483 821 3534 20
845 3486 910 3534 terra
927 3479 999 3533 ΡΨ
1020 3485 1086 3532 tarra
1103 3479 1136 3532 1²¹
1153 3481 1157 3548 Ι

16 3567 17 3608 i
84 3550 255 3604 insedabiles
272 3551 310 3601 2¹
327 3550 467 3603 insocialea
483 3552 570 3618 riti
591 3565 704 3618 suasque
725 3548 830 3602 castella
849 3549 873 3601 P
904 3549 937 3600 22
956 3547 1162 3617 bominumiquae

16 3611 17 3654 i
83 3619 166 3684 etto
176 3619 250 3672 italia
263 3619 309 3684 Ρ,
321 3633 372 3670 om.
384 3616 427 3684 ΡΙ
439 3621 473 3672 bb
484 3624 674 3684 temrumqnae
687 3616 767 3682 Puto
777 3617 868 3669 boecP
900 3619 932 3670 29
945 3617 1161 3683 oppugnationem

83 3685 143 3738 »t
154 3686 165 3755 Ι
177 3690 208 3741 at
228 3695 313 3739 ratum
331 3701 383 3739 oss.
401 3686 459 3750 ΣῚ
472 3685 529 3752 ipse
546 3701 576 3738 se
593 3687 630 3737 ΣΙ
648 3687 705 3754 ipse
723 3686 747 3736 P
763 3687 846 3804 ipsum
865 3683 952 3752 5i³²
970 3685 1161 3751 oppugnatione

82 3755 124 3805 ΣΙ
135 3755 297 3822 oppugnatio
309 3755 350 3819 Ρς
362 3754 372 3821 Ι
384 3752 501 3820 inpediit
513 3757 533 3819 ς
543 3753 643 3823 inpedit
653 3753 769 3820 Pimped
781 3759 791 3804 t
803 3753 859 3820 ΣἾ
873 3755 907 3806 33
919 3753 1049 3804 celerioris
1061 3753 1163 3804 mutuet

76 3823 188 3890 proleg.
207 3823 248 3875 ed.
264 3825 327 3876 mei.
342 3838 371 3888 p.
391 3819 442 3875 133
451 3839 490 3889 ap.

137 3912 218 3958 bintus
230 3912 259 3956 rt
990 3905 1006 3957 8
