2734 4250
90 181 206 227 actoru
468 167 561 220 bllllilt
579 167 643 235 lllll,
664 171 764 223 13-15
862 159 867 168 '
1114 169 1153 226 13

88 349 206 418 potestas
228 341 256 401 ei
277 341 353 402 laeta
382 340 434 413 sit,
463 339 571 418 aliquid
601 357 637 400 ex
666 340 712 401 his
734 340 844 420 [rebus]
866 341 1075 418 remissurum
1104 342 1156 404 sed
1177 354 1193 403 9

88 423 128 484 uel
148 426 219 487 bueo
234 425 375 504 patienda
390 443 497 487 censeo
513 423 621 504 potius,
646 443 735 504 quam
751 425 892 488 trucidari
906 444 1032 506 corpora
1046 437 1153 498 uestra,

87 509 144 588 rapi
171 510 308 590 trahique
336 520 405 571 ante
433 529 483 572 ora
513 520 612 572 uestra
640 510 783 590 coniuges
813 530 847 572 ae
868 511 978 573 liberos
998 511 1068 574 bebi
1090 512 1154 574 iure

86 589 205 657 sinatis’.

56 693 67 740 t
160 681 205 741 hd
216 681 289 742 haee
303 680 449 742 audienda
460 697 528 741 oum
540 679 719 741 oiroumlusa
730 681 868 760 paulatim
881 681 1070 743 multitudine
1084 701 1153 762 per·
1170 685 1207 741 14

85 763 200 827 mixtum
222 765 338 827 senatui
353 776 432 827 esset
446 765 548 846 populi
564 764 735 839 concilium,
757 777 881 846 repente
895 767 1042 846 primores
1055 787 1154 830 seres·

83 848 160 910 sione
181 850 268 924 lanu,
291 852 462 930 priusquam
477 867 656 929 responsum
672 850 802 925 daretur,
817 861 973 930 argentum
989 870 1154 932 aurumque

83 951 165 996 omne
187 953 226 996 en
247 935 367 1016 publioo
395 936 570 1015 priuatoque
592 933 623 996 in
651 937 749 996 lorum
771 937 921 998 eonlatum
942 939 974 999 in
996 938 1095 1016 ignem
1117 937 1153 999 ad

82 1018 108 1078 id
129 1020 237 1100 raptim
259 1021 370 1082 laetum
392 1019 576 1082 conicientes
598 1021 702 1081 eodem
719 1020 853 1101 plerique
874 1032 969 1084 semet
989 1022 1046 1102 ipsi
1067 1041 1155 1102 prae·

42 1115 64 1165 lo
82 1104 288 1183 eipitanerunt.
319 1123 388 1167 oum
402 1125 438 1168 ex
460 1125 496 1167 eo
512 1123 607 1184 pauor
628 1123 662 1165 ao
685 1106 841 1185 trepidatio
857 1116 949 1168 totam
964 1107 1070 1170 urbem
1085 1126 1154 1188 per·
1175 1117 1190 1166 2

80 1189 217 1264 auisset,
246 1190 321 1252 alius
348 1190 472 1270 insuper
497 1190 642 1252 tumultus
663 1209 790 1256 maroe
811 1191 939 1253 auditur.
984 1193 1074 1255 turris
1103 1194 1153 1254 diu

82 1285 213 1352 murata
235 1275 412 1355 prouiderat,
434 1293 549 1356 perque
570 1275 687 1336 ruinam
705 1277 769 1338 eius
785 1276 893 1338 oobors
908 1277 1076 1339 Poenorum
1097 1278 1153 1338 im·

81 1373 147 1438 potu
161 1361 242 1422 laeto
257 1378 325 1422 oum
340 1361 458 1440 signum
480 1360 652 1440 imperatori
667 1361 796 1423 dedisset
818 1361 958 1423 nudatam
978 1361 1155 1424 stationibus

81 1445 279 1525 custodiisque
300 1445 393 1508 solitis
414 1445 544 1508 hostium
557 1465 629 1522 ¹esse
659 1445 779 1520 urbem,
809 1465 870 1507 uon
900 1447 1101 1508 cunctandum
1123 1447 1154 1509 in
1177 1457 1192 1506 t

35 1541 60 1590 15
79 1530 126 1590 tali
148 1531 305 1593 oooasione
320 1540 402 1593 ratus
416 1530 565 1592 Hannibal
579 1531 648 1592 totis
668 1531 784 1593 uiribus
798 1532 954 1610 adgressus
969 1531 1074 1594 urbem
1088 1551 1153 1593 mo·

80 1625 178 1676 mento
190 1617 280 1695 oepit,
291 1615 377 1694 siguo
393 1617 471 1689 dato,
487 1625 521 1677 ut
535 1634 639 1678 omnes
655 1617 783 1695 puberes
797 1616 1047 1678 interficerentur.
1074 1617 1154 1696 quud

80 1701 235 1780 imperinm
257 1701 392 1774 crudele,
418 1714 549 1763 ueterum
572 1720 666 1781 prope
690 1701 889 1764 necessarium
912 1702 1064 1782 cognitum
1087 1701 1152 1782 ipso

79 1797 188 1847 euentu
213 1796 272 1848 est:
296 1786 344 1848 eui
366 1787 445 1847 enim
460 1785 542 1866 parci
564 1787 662 1867 potuit
684 1806 720 1848 ex
741 1786 786 1860 iis,
808 1787 861 1866 qui
883 1797 933 1849 aut
955 1787 1062 1849 inclusi
1085 1797 1190 1849 euml

79 1870 257 1951 coniugibus
278 1889 313 1932 ae
334 1871 435 1934 liberis
454 1873 557 1933 domos
572 1890 710 1952 superse
725 1872 806 1952 ipsos
820 1883 1089 1934 concremauerunt
1103 1885 1153 1933 aut

34 1957 178 2018 uarmati
202 1955 319 2018 nullum
340 1967 408 2018 ante
435 1957 525 2017 finem
548 1974 667 2036 pugnae
690 1975 779 2036 quam
807 1958 968 2020 morientes
994 1955 1153 2019 lecerunt?

78 2051 194 2119 raptum
220 2042 361 2123 oppidum
383 2051 429 2103 est
443 2059 511 2104 oum
528 2041 643 2121 ingenti
658 2043 776 2123 praeda.
813 2061 989 2123 quamquam
1012 2044 1152 2123 pleraque
1169 2046 1204 2102 15

76 2126 111 2187 ab
126 2127 257 2189 dominis
271 2129 308 2189 de
323 2128 466 2189 industria
480 2138 619 2208 corrupta
634 2139 729 2203 erant,
750 2138 779 2189 et
794 2129 824 2190 in
840 2129 980 2191 caedibus
994 2130 1044 2190 uir
1058 2129 1151 2191 ullum

78 2212 236 2273 discrimen
252 2213 356 2275 aetatis
377 2214 419 2274 ira
441 2214 560 2286 fenerat,
584 2222 614 2273 et
628 2214 737 2293 captiui
752 2214 878 2274 militum
895 2214 1003 2293 praeda
1025 2215 1152 2283 inerant,

77 2308 174 2359 umen
203 2308 234 2359 et
261 2316 297 2359 ex
325 2298 422 2377 pretio
451 2315 551 2359 rerum
579 2300 769 2360 uenditarum
797 2298 979 2377 aliquantum
1008 2300 1190 2378 pecuniaet

33 2390 56 2437 tt
75 2384 225 2445 redactum
237 2400 302 2444 esse
317 2390 434 2445 constat
447 2393 478 2443 et
492 2383 613 2444 multam
626 2385 785 2463 pretiosam
796 2383 1011 2463 supellectilem
1023 2393 1152 2444 uestem·

77 2486 132 2546 que
152 2468 276 2529 missam
299 2467 513 2547 Carthaginem.

158 2553 274 2615 Octauo
296 2572 409 2625 mense,
432 2570 520 2632 quam
540 2561 679 2631 coeptum
702 2553 879 2632 oppugnari,
902 2562 1021 2631 captum
1037 2552 1152 2629 Sagun·
1174 2564 1188 2613 a

76 2646 136 2697 turn
148 2639 270 2717 quidam
284 2638 445 2716 seripsere;
461 2638 530 2699 inde
542 2637 749 2717 Carthaginem
759 2638 873 2699 Nouam
887 2637 919 2698 in
932 2637 1057 2699 hiberna
1069 2637 1153 2698 llan-

77 2722 203 2784 nibalem
218 2724 418 2797 muressisse3
441 2722 546 2801 quinto
562 2722 669 2784 deinde
684 2740 797 2798 mense,
820 2741 909 2803 quam
924 2723 962 2785 ab
977 2723 1152 2803 Carthagine

34 2816 57 2863 to
76 2809 227 2885 proiectus
248 2808 295 2883 sit,
318 2808 348 2869 in
365 2808 475 2870 ltaliam
491 2808 674 2886 peruenisse.
705 2808 826 2887 quaesi
848 2809 887 2870 ita
909 2819 989 2882 sunt,
1011 2809 1075 2869 lieri
1091 2827 1152 2870 non
1174 2820 1190 2869 t

76 2894 179 2971 potuit,
195 2904 230 2954 nt
245 2892 277 2954 P.
293 2892 449 2955 Cornelius
463 2893 507 2953 Ti.
524 2892 720 2972 Sempronius
735 2894 873 2956 eonsules
887 2894 1007 2967 luerint,
1025 2894 1061 2954 ad
1077 2911 1152 2972 quoe

77 2987 104 3037 et
124 2978 274 3058 principio
293 2978 525 3059 oppugnationis
545 2978 633 3055 legati
648 2978 805 3058 Saguntini
823 2978 904 3040 missi
920 2978 980 3040 sint
1001 2978 1098 3057 etqui
1119 2979 1151 3039 in

77 3080 128 3124 suo
143 3063 319 3141 magistratu
334 3081 401 3125 oum
419 3062 593 3137 Hannibale,
616 3064 692 3125 alter
713 3063 749 3124 ad
763 3062 900 3127 Ticinum
916 3082 1042 3136 amnem,
1064 3054 1165 3123 ambo

78 3147 228 3226 abquauto
250 3157 318 3229 post
339 3150 375 3210 ad
397 3148 547 3219 Trebiam,
569 3149 778 3228 pugnauerint.
819 3158 870 3210 aut
893 3149 992 3210 omnia
1014 3146 1152 3210 breuiora
1173 3159 1188 3207 5

38 3238 60 3286 tt
78 3232 227 3313 aliquanto
241 3235 326 3295 luere
348 3244 399 3294 aut
414 3233 580 3312 Saguntum
602 3234 750 3314 principio
765 3234 846 3308 anni,
869 3254 929 3313 quo
948 3234 980 3293 P.
997 3232 1152 3294 Cornelius

110 3370 280 3383 *-

145 3438 157 3484 l
177 3435 227 3487 hiis
241 3434 371 3498 Clrehos
385 3434 440 3499 cll,
457 3436 508 3486 dat.
524 3433 686 3503 Woelfflin!
700 3437 785 3487 besse
798 3434 837 3499 Cl
851 3436 867 3487 3
879 3450 964 3487 omme
977 3434 1017 3503 01
1031 3438 1047 3487 9
1059 3448 1085 3485 rt
1106 3434 1150 3486 tim

79 3500 151 3552 cul·
161 3510 261 3569 raptum
275 3502 347 3555 C¹M¹
360 3502 370 3571 Ι
383 3504 524 3570 lampeto
536 3502 592 3554 Cel
604 3504 760 3570 ereimpetus
773 3503 802 3553 tl
836 3504 867 3555 13
880 3503 1059 3570 imperatorig
1095 3503 1150 3553 ullu

79 3568 215 3634 inperator
239 3570 310 3637 0311
323 3575 353 3623 1'l
376 3568 463 3639 (non)
486 3570 657 3623 neceesarium
682 3570 770 3622 Maur.
823 3570 906 3635 noller
926 3587 1021 3637 progr.
1040 3571 1152 3623 Steudul

82 3636 144 3689 1866
152 3654 183 3703 p.
194 3638 232 3707 2l
248 3641 279 3692 ta
292 3645 412 3692 euentum
426 3639 467 3705 Cl
479 3638 511 3691 iis
524 3638 594 3690 Cbis
606 3639 635 3690 dl
647 3641 656 3697 Ι
672 3642 702 3692 19
714 3646 944 3703 congremaoernnt
956 3639 977 3691 C
988 3639 998 3706 l
1010 3641 1042 3691 2³
1055 3638 1150 3691 lecerat

82 3704 107 3753 ll
117 3711 142 3754 et
153 3722 191 3757 ea.-
206 3706 314 3759 lereertt
327 3706 349 3759 C
357 3704 367 3775 l
381 3710 413 3759 25
432 3706 619 3774 supellectilem
630 3706 672 3757 Μ’
690 3707 880 3770 superlectilem
894 3706 974 3769 Cdl¹ll
989 3708 1022 3759 29
1040 3707 1072 3758 ab
1091 3705 1155 3757 ΨΜ

83 3772 222 3841 ιὰΰῑΙῧθ
239 3774 351 3827 ittC'M
366 3773 1151 3842 3161331ῑί.ςῑ.ΟΜΙ32οἰηιθΜειιειιοῚ33ιιια-

84 3838 211 3903 ritlrtturn
230 3844 269 3910 0¹,
287 3860 358 3896 eor-r.
377 3842 476 3913 0135
494 3842 565 3896 luere
584 3842 647 3895 Μ
661 3843 713 3895 lere
733 3842 764 3894 0¹
