2734 4250
88 150 216 196 eumne
462 128 556 184 LIBER
573 130 649 195 xxu,
667 133 707 184 58.
721 132 754 184 59
1110 132 1168 192 121

89 305 257 379 dimisisset,
272 304 428 365 Romanos
439 320 558 383 quoque
573 311 705 375 uocatos,
722 302 802 382 quod
814 320 976 383 numquam
987 304 1057 367 alias
1072 315 1167 381 antea,

88 392 161 453 satis
173 390 239 451 miti
254 407 395 451 sermone
418 388 600 468 adloquitur:
625 407 687 449 non
704 388 923 450 interneciuum
944 389 1000 451 sibi
1024 408 1087 452 esse
1102 409 1170 453 curn
1192 402 1208 453 1

88 475 234 537 Romanis
248 474 377 549 bellum;
399 475 437 536 de
450 473 593 554 dignitate
614 481 703 553 atque
725 473 850 553 imperio
866 483 990 536 certare.
1028 483 1058 536 et
1072 485 1172 555 patres

89 560 193 623 uirtuti
209 560 362 621 Romanae
377 559 509 633 cessisse,
525 566 601 620 etse
616 558 645 619 id
660 558 761 633 adniti,
785 567 818 620 ut
832 577 902 621 suae
918 559 948 619 in
965 560 1061 621 uicem
1080 561 1167 623 simul

50 656 65 705 t
86 645 221 707 felicitati
237 653 267 707 et
280 644 385 706 uirtuti
400 645 530 706 cedatur.
568 643 668 723 itaque
690 644 854 705 redimendi
869 662 900 706 se
916 644 1041 725 captiuis
1056 646 1170 726 copiam
1193 656 1208 707 t

85 732 205 806 facere;
233 729 363 810 pretium
391 730 455 790 lore
483 730 514 790 in
544 729 638 807 capita
668 729 760 807 equiti
790 729 957 809 quingenos
983 731 1170 811 quadrigatos

85 833 238 891 nummos,
261 823 400 877 trecenos
421 814 523 894 pediti,
545 831 634 875 seruo
649 822 805 875 centenos.
842 832 1020 894 quamquam
1035 816 1170 895 aliquan·
1191 828 1207 877 t

84 912 152 963 tum
167 899 352 963 adiciebatur
367 899 515 979 equitibus
526 899 562 961 ad
573 898 601 960 id
617 898 756 979 pretium,
772 917 832 978 quo
843 900 1018 980 pepigerant
1028 901 1169 964 dedentes

84 1005 129 1060 se,
145 985 217 1048 laeti
232 994 331 1047 tamen
343 1002 563 1064 quamcumque
577 984 784 1047 condicionem
796 986 965 1066 paciscendi
980 995 1169 1067 acceperuut.

36 1079 65 1131 tt
84 1072 201 1151 placuit
215 1070 357 1149 sutfragia
372 1071 504 1150 ipsorum
527 1071 630 1131 decem
652 1069 749 1149 deligi,
773 1070 823 1149 qui
839 1070 962 1132 Romam
986 1072 1020 1131 ad
1037 1080 1169 1133 senatum
1193 1081 1208 1131 u

83 1158 184 1230 irent,
216 1174 274 1217 nec
300 1155 410 1236 pignus
431 1154 510 1216 aliud
532 1154 616 1228 fidei,
640 1172 728 1233 quam
750 1163 783 1216 ut
805 1154 938 1217 iurarent
959 1175 991 1217 se
1014 1156 1170 1229 redituros,

85 1249 257 1321 acceptum.
299 1241 407 1303 missus
434 1257 502 1303 cum
531 1240 576 1302 his
598 1238 751 1314 Carthalo,
781 1239 889 1302 nobilis
911 1239 1170 1320 Carthaginiensis,
1194 1252 1208 1300 1

85 1327 150 1407 qui,
174 1327 201 1388 si
224 1326 301 1387 forte
323 1325 358 1386 ad
380 1342 485 1406 pacem
507 1325 651 1386 inclinare
672 1333 811 1386 cerneret
831 1325 954 1399 animos,
978 1326 1170 1387 condiciones

85 1414 193 1473 terret.
230 1427 299 1473 cum
315 1410 426 1491 egressi
442 1411 545 1472 castris
560 1417 669 1484 essent,
692 1428 772 1472 uuus
790 1428 825 1471 ex
841 1410 885 1484 iis,
909 1410 1030 1472 minime
1046 1409 1169 1473 Romani
1192 1420 1207 1471 s

34 1505 62 1556 ts
85 1497 193 1577 ingeni
209 1497 309 1570 homo,
332 1495 427 1558 ueluti
440 1494 550 1575 aliquid
566 1493 684 1569 oblitus,
707 1495 782 1556 iuris
800 1495 917 1556 iurandi
932 1495 1068 1559 soluendi
1083 1515 1171 1558 causa

86 1600 159 1643 cuna
181 1582 215 1642 in
237 1587 332 1643 castra
355 1580 493 1655 redisset,
519 1589 588 1641 ante
611 1589 730 1642 noctem
752 1580 875 1642 comites
897 1581 1077 1659 adsequitur.
1121 1581 1172 1642 uhi
1193 1590 1209 1641 9

84 1667 217 1728 Romam
245 1666 350 1729 uenire
379 1683 431 1728 eos
462 1665 629 1727 nuntiatum
658 1674 718 1739 est,
746 1663 914 1727 Carthaloni
937 1666 1055 1728 obuiam
1084 1666 1171 1728 lictor

84 1753 209 1826 missus,
225 1751 277 1829 qui
292 1750 443 1813 dictatoris
457 1748 558 1812 uerbis
573 1750 735 1824 nuntiaret,
751 1759 784 1811 ut
798 1759 867 1812 ante
884 1760 1001 1813 noctem
1018 1751 1172 1813 excederet

84 1836 202 1899 finibus
224 1836 376 1897 Romanis.
413 1835 516 1914 legatis
529 1835 716 1916 captiuorum
732 1843 851 1897 senatus
872 1835 908 1897 ab
930 1837 1071 1899 dictatore
1087 1838 1171 1899 datus
1184 1840 1221 1897 dt

36 1930 64 1981 at
84 1932 141 1985 est.
169 1939 300 2001 quorum
316 1913 525 2001 princeps‘ll.
540 1920 607 1981 luni
622 1938 747 1999 uosque,
763 1927 861 2000 patres
876 1919 1056 2003 conscripti,'
1073 1922 1170 2002 inquit

82 2002 191 2069 ‘nemo
223 2014 359 2068 nostrum
388 2006 507 2086 ignorat
533 2005 607 2068 nulli
636 2023 776 2085 umquam
803 2005 914 2068 ciuitati
937 2007 1058 2069 uiliores
1081 2008 1171 2069 luisse

85 2094 227 2173 captiuos
248 2109 337 2171 quam
361 2100 495 2167 nostrae;
526 2099 669 2165 ceterum,
695 2090 750 2153 nisi
774 2090 860 2154 nobis
882 2092 949 2172 plus
970 2092 1048 2156 iusto
1072 2100 1208 2154 nostrat

84 2180 189 2259 placet
212 2195 311 2249 causa,
338 2195 401 2249 non
423 2177 471 2238 alii
493 2194 633 2256 umquam
655 2176 755 2238 minus
778 2177 951 2256 neclegendi
974 2178 1060 2239 uobis
1083 2196 1170 2258 quam

85 2283 145 2326 uos
167 2263 203 2324 in
225 2262 356 2323 hostium
378 2269 554 2342 potestatem
582 2270 742 2324 uenerunt.
787 2281 848 2323 non
875 2262 954 2324 enim
977 2263 1007 2323 in
1033 2263 1095 2324 acie
1117 2271 1207 2342 pert

38 2355 65 2406 25
85 2350 229 2410 timorem
252 2364 334 2408 arma
355 2346 541 2421 tradidimus,
571 2346 623 2409 sed
654 2365 723 2407 cum
745 2365 840 2427 prope
866 2347 902 2408 ad
925 2357 1042 2408 noctem
1066 2365 1171 2426 super·

86 2443 206 2496 stantes
226 2432 353 2493 cumulis
367 2450 521 2494 caesorum
537 2449 698 2512 corporum
714 2431 860 2511 proelium
882 2432 1116 2506 extraxissemus,
1140 2431 1170 2492 in

87 2528 188 2581 castra
211 2517 380 2596 recepimus
403 2535 473 2592 nos;
503 2516 562 2576 diei
590 2516 738 2595 reliquum
767 2534 801 2577 ac
825 2525 942 2578 noctem
965 2516 1172 2596 insequentem
1193 2526 1208 2575 4

87 2605 159 2666 lessi
183 2602 296 2669 labore
309 2620 344 2663 ac
364 2600 540 2663 uulneribus
568 2601 678 2662 uallum
708 2619 810 2662 sumus
841 2601 943 2675 tutati;
972 2609 1092 2681 postero
1115 2601 1171 2672 die,
1193 2609 1208 2659 5

88 2707 158 2750 cunr
182 2685 373 2748 circumsessi
393 2685 430 2746 ab
453 2685 584 2746 exercitu
607 2685 721 2748 uictore
743 2703 818 2764 aqua
841 2703 1020 2760 arceremur,
1043 2704 1099 2748 nec
1114 2686 1172 2747 ulla

41 2779 68 2830 tt
87 2775 146 2835 iarn
170 2790 230 2852 per
244 2771 398 2833 confertos
418 2770 510 2832 hostis
533 2769 709 2850 erumpendi
731 2787 799 2850 spes
822 2779 907 2843 esset,
930 2788 987 2832 nec
1009 2789 1074 2833 esse
1090 2772 1172 2833 netas

88 2859 273 2920 duceremus
288 2855 503 2934 quinquaginta
518 2854 637 2916 milibus
651 2855 806 2916 hominum
829 2873 864 2916 ex
879 2855 942 2916 acie
958 2865 1058 2918 nostra
1080 2857 1172 2918 truci·

54 2974 59 2984 v
89 2943 167 3005 datis
197 2940 326 3018 aliquem
355 2957 391 3000 ex
413 2939 562 3001 &nneusi
588 2958 688 3020 pugna
711 2939 877 3002 Romanum
906 2940 1028 3002 militem
1051 2950 1171 3014 restare,

90 3123 286 3191 suuaeudunaq,
303 3124 351 3175 sed
366 3123 383 3176 d
401 3123 461 3188 aaz,
478 3121 635 3190 Plpraetio
652 3123 677 3175 P
693 3122 729 3191 113
747 3122 831 3191 adque
849 3123 895 3190 ΡΙΙ
908 3129 1017 3177 certaret
1034 3122 1071 3190 ΡΙ
1089 3127 1106 3175 l
1122 3123 1173 3176 uir-

90 3194 155 3247 tutis
167 3191 241 3261 Pla
260 3191 381 3244 caedatur
394 3191 463 3258 ΡΙθ
481 3192 607 3259 praetium
625 3190 664 3259 ΡΙ
679 3195 693 3242 1
713 3198 830 3244 trecenos
848 3209 882 3243 ea·
901 3192 1027 3244 trecentos
1047 3192 1069 3241 P
1091 3191 1101 3258 ΙΙ
1113 3205 1175 3242 cen-

91 3266 168 3315 tcuos
185 3265 206 3326 ς
233 3264 336 3312 centum
354 3258 396 3327 ΡΙ
409 3261 549 3327 quitquam
567 3259 594 3311 iu
612 3258 771 3327 aliquantum
790 3260 860 3326 ΡΙΙΘ
879 3260 1004 3326 praetium
1024 3258 1094 3326 ΡΙΙ11
1113 3273 1173 3310 con-

92 3330 197 3383 dicione
213 3325 259 3395 ΡΙ
272 3331 304 3381 111
322 3326 419 3394 delegit
436 3328 468 3378 Ρ1
494 3327 580 3394 delegi
597 3327 632 3380 P²
648 3327 704 3395 113
722 3327 845 3380 inclinare
863 3332 978 3380 cerneret
995 3325 1094 3379 animes
1113 3341 1173 3376 cum

94 3397 197 3450 Koelaio
207 3399 307 3462 scripsi
318 3395 378 3447 Em.
390 3395 450 3447 Liar.
463 3396 550 3448 11113
575 3395 711 3448 inclinaret
728 3396 828 3447 animos
840 3396 864 3445 P
887 3395 1021 3448 inclinaret
1038 3394 1138 3446 animus
1152 3403 1172 3459 ς

92 3466 250 3519 inclinarent
262 3463 339 3516 animi
352 3467 421 3515 coni.
434 3466 465 3516 A.
478 3463 657 3532 Maeniam!
673 3467 704 3517 11
722 3463 788 3516 feret
800 3464 822 3515 Ρ
832 3462 842 3531 11
854 3463 964 3530 egressis
977 3463 1016 3521 ΡΙ,
1036 3478 1104 3515 corr.
1118 3461 1173 3531 pap

93 3533 192 3586 minimi
204 3532 248 3599 ΡΙΙ
262 3535 294 3585 15
311 3531 393 3584 ueluti
405 3530 557 3593 Ahedafrkt
581 3531 714 3585 uelutillut
727 3533 750 3582 P
773 3530 846 3584 uelut
863 3533 908 3584 uel
924 3530 997 3584 uelut
1008 3530 1043 3582 ibi
1056 3533 1076 3594 ς
1101 3531 1173 3583 uelut

93 3601 147 3653 illie
160 3601 266 3667 Grata!
282 3603 314 3653 16
332 3599 458 3652 redissent
471 3599 512 3666 ΡΙΙ
523 3599 568 3652 ubi
581 3603 600 3665 ς
626 3599 683 3652 urbi
698 3599 740 3668 ΡΙΙ
755 3603 784 3653 11
803 3614 897 3652 uenere
910 3599 952 3665 ΡΙΙ
965 3598 1120 3652 carthalonis
1132 3598 1172 3662 ΡΙΙ

96 3670 128 3722 tt
139 3668 305 3722 denuntiaret
315 3672 450 3735 exspectes
461 3667 471 3733 1
481 3669 514 3721 20
526 3667 655 3735 principes
666 3667 706 3736 ΡΙΙ
715 3668 767 3719 iuni
781 3682 881 3734 uosque
893 3668 1000 3718 Harant
1016 3667 1127 3734 iuninrq.
1140 3667 1173 3717 P¹

95 3737 181 3789 iunius
195 3736 227 3787 ΡΒ
238 3737 249 3804 Ι
261 3734 351 3804 inquid
365 3735 403 3803 ΡΙ
412 3739 445 3790 11
458 3735 561 3788 uiliares
574 3736 614 3801 1³¹,
626 3751 697 3789 corr.
708 3735 760 3802 ΡἾΙ
768 3737 801 3788 13
814 3735 848 3786 ali
861 3736 903 3802 ΡΙΙ
916 3738 1008 3788 141101
1021 3739 1041 3798 ς
1057 3733 1121 3786 alios
1134 3734 1158 3783 Ρ
1164 3733 1173 3800 t

97 3806 127 3856 rt
146 3804 257 3873 reliqum
274 3805 317 3872 ΡΙ
330 3805 363 3858 28
381 3804 457 3857 tutati
474 3803 509 3855 1²¹
535 3804 626 3855 mutuli
644 3804 676 3854 Ρι
688 3804 698 3871 ΙΙ
712 3805 743 3857 31
762 3802 876 3855 millibus
893 3802 936 3869 ΡΙΙ
949 3803 1028 3854 aciem
1048 3803 1071 3851 Ρ
