2734 4250
109 126 129 161 ι
143 116 193 162 ιιι.
206 118 245 161 ιιι
494 116 588 172 stituit
606 116 695 182 xxvi,
714 121 737 171 4.
756 122 771 172 5
1159 120 1179 178 ὅ

108 308 187 351 sesso
215 297 245 350 et
273 306 368 369 prope
397 298 566 368 expugnato
594 290 688 352 hoste.
726 290 798 352 inita
821 289 940 352 endem
962 290 1037 353 ratio
1060 299 1120 365 est,
1149 300 1218 354 ute

108 373 187 453 quod
213 373 330 435 uiribus
351 373 453 435 deerat
474 384 536 435 arte
558 384 746 454 aequaretur.
790 392 827 436 er
850 374 989 439 omnibus
1011 375 1180 457 legionibus

107 460 192 521 electi
219 469 291 521 sunt
318 459 443 521 iuuenes
468 460 595 522 maxime
616 462 721 539 uigore
744 478 778 522 ac
799 460 919 522 leuitate
944 478 1104 543 corporum
1127 480 1180 523 ue·

106 544 202 620 loces;
225 540 269 606 eis
289 560 409 624 parmae
432 543 586 607 breuiores
608 562 696 626 quam
719 554 873 626 equestres
895 554 924 607 et
946 556 1070 626 septena
1086 546 1180 609 iacula

71 640 86 689 t
106 638 266 709 quaternos
293 628 382 709 longa
404 630 496 709 pedes
517 629 583 691 data
605 631 735 710 praelixa
758 632 853 706 lerro,
882 631 968 711 quale
991 632 1081 695 hastis
1103 632 1180 694 ueli-

105 714 218 777 taribus
239 716 326 776 inest.
371 732 423 777 eos
445 714 579 795 singulos
600 716 632 777 in
655 734 749 795 equos
770 736 840 778 suos
861 716 1042 797 accipientes
1064 717 1179 796 equites
1202 726 1218 778 t

106 799 333 862 adsuefecerunt
350 808 380 860 et
394 800 463 861 nebi
479 808 548 879 post
561 818 626 862 sese
641 808 671 861 ct
685 800 803 863 desilire
818 800 989 881 perniciter,
1014 802 1063 864 ubi
1078 803 1179 864 datum

106 886 224 966 siguum
246 894 333 947 esset.
376 884 406 945 id
427 894 585 965 postquam
608 886 803 947 adsuetudine
825 886 971 948 cotidiana
994 888 1063 949 satis
1083 887 1216 949 intre-tt

106 971 173 1050 pide
195 970 263 1031 lieri
284 970 382 1031 uisum
405 980 458 1041 est,
481 970 512 1031 iu
535 988 681 1051 campum,
706 972 758 1051 qui
779 970 894 1033 medius
911 971 989 1033 inter
1003 982 1097 1033 castra
1113 989 1180 1035 mu·

60 1064 88 1115 to
105 1073 230 1134 rumque
261 1065 339 1129 erat,
368 1055 512 1117 aduersus
540 1056 703 1118 instructos
725 1056 943 1136 Campanorum
973 1056 1087 1136 equites
1107 1076 1179 1138 pro·

106 1150 276 1212 cesserunt,
305 1148 351 1213 et,
380 1139 432 1201 ubi
454 1140 491 1201 ad
512 1141 680 1202 coniectum
704 1141 754 1203 teli
777 1150 901 1203 uentum
923 1149 983 1214 est,
1006 1141 1091 1220 signo
1113 1144 1181 1205 dato
1201 1152 1217 1202 t

105 1225 211 1287 uelites
232 1224 384 1286 desiliunt.
427 1225 573 1304 pedestris
594 1226 664 1287 inde
687 1227 764 1288 acies
787 1244 822 1288 ex
845 1226 979 1305 equitatu
1001 1234 1126 1306 repente
1147 1227 1178 1288 iu

105 1310 236 1372 hostiurm
258 1310 373 1389 equites
395 1309 531 1385 incurrit,
554 1311 708 1390 iaculaque
731 1329 799 1373 cum
822 1312 934 1391 impetu
949 1310 1004 1373 alia
1019 1329 1110 1392 super
1124 1312 1180 1373 alia

106 1396 254 1457 emittunt.
292 1395 400 1474 quibus
421 1395 557 1475 plurimis
579 1396 610 1457 in
633 1414 728 1476 equos
751 1396 891 1475 uirosque
914 1397 1023 1477 passim
1038 1397 1181 1473 coniectis
1202 1406 1218 1459 8

60 1488 86 1538 15
104 1480 269 1561 permultos
290 1480 541 1556 uolnerauerant3
564 1482 684 1561 pauoris
699 1490 798 1543 umen
814 1482 881 1562 plus
897 1499 932 1543 ex
948 1501 981 1543 re
997 1500 1076 1544 noua
1090 1492 1180 1562 atque

105 1565 260 1646 inopinata
288 1566 431 1627 iniectum
460 1576 520 1640 est,
549 1574 579 1628 et
605 1567 637 1628 in
665 1567 834 1647 perculsum
857 1567 971 1629 bostem
995 1568 1110 1647 equites
1132 1568 1179 1630 in·

106 1652 182 1713 uecti
206 1652 307 1732 sugam
325 1660 513 1731 stragemque
529 1668 633 1713 eorum
649 1669 745 1731 usque
760 1652 795 1713 ad
812 1661 912 1733 portas
927 1653 1072 1714 iecerunt.
1110 1651 1180 1715 inde
1200 1662 1216 1713 9

107 1736 239 1815 equitatu
262 1753 381 1815 quoque
403 1736 540 1817 superior
555 1736 688 1798 Romana
710 1755 759 1799 res
777 1737 841 1799 luit.
875 1738 1054 1811 institutum,
1077 1746 1111 1799 ut
1126 1756 1178 1799 ue·
1199 1748 1229 1800 1⁰

105 1821 169 1883 lites
190 1822 224 1883 in
248 1820 415 1901 legionibus
435 1832 545 1883 essent.
582 1830 734 1884 auctorem
756 1822 888 1904 peditum
911 1822 1002 1902 equiti
1018 1823 1180 1885 inmiscen-

61 1912 88 1965 a
106 1906 211 1968 dorum
240 1907 449 1968 centurionem
471 1907 507 1979 Q.
524 1907 650 1969 Nauium
679 1908 781 1974 ierunt
801 1908 979 1988 *honorique
1001 1908 1030 1969 id
1053 1908 1080 1970 ei
1101 1907 1180 1989 apud

105 1992 316 2072 imperatorem
337 1991 437 2053 luisse.

189 2077 266 2140 Cum
281 2077 311 2138 in
329 2077 385 2139 boc
400 2085 477 2140 statu
492 2076 669 2157 adCapuam
684 2086 853 2150 cessasent,
869 2076 1065 2139 Hannibalem
1081 2076 1179 2140 diner·
1195 2088 1214 2147 a

105 2181 169 2224 sum
192 2163 373 2224 Tarentinae
396 2163 472 2224 areis
497 2161 658 2242 potiundae
680 2161 858 2242 Capuaeque
885 2162 1059 2225 retinendae
1082 2164 1180 2224 trabe-

107 2246 177 2309 bant
198 2265 299 2309 eurae.
340 2248 413 2308 uicit
434 2257 533 2309 tamen
556 2255 709 2326 respectus
733 2247 858 2327 Capuae,
881 2248 911 2309 in
935 2265 1023 2327 quarn
1047 2248 1218 2314 omniumtt

61 2339 87 2391 it
105 2333 254 2394 sociorum
283 2332 472 2412 hostiumque
501 2351 666 2394 conuersos
694 2331 815 2394 uidebat
843 2332 970 2407 animos,
1001 2331 1181 2394 documento

106 2418 231 2492 loturae,
250 2418 496 2497 qualemcumque
512 2425 655 2479 euentum
670 2418 797 2480 deiectio
812 2418 849 2478 ab
864 2417 1006 2479 Romanis
1019 2416 1179 2480 habuisset.

106 2501 194 2581 igitur
208 2521 318 2582 magna
332 2511 416 2582 parte
431 2502 710 2582 impedimentorum
731 2503 833 2565 relicta
855 2502 885 2563 in
902 2503 1024 2564 bruttiis
1046 2511 1076 2564 et
1098 2503 1181 2564 omni
1201 2517 1217 2568 t

105 2589 243 2667 grauiore
258 2597 382 2659 armatu,
397 2605 465 2649 eum
481 2588 603 2649 delectis
614 2588 747 2667 peditum
761 2588 954 2667 equitumque
965 2605 1053 2668 qnam
1065 2596 1182 2668 poterat

106 2673 274 2752 aptissimus
289 2673 325 2735 ad
340 2673 549 2735 maturandum
563 2673 621 2733 iter
633 2673 664 2734 in
682 2673 871 2753 Campaniam
885 2673 1049 2734 contendit.
1086 2673 1181 2735 secuti

61 2763 88 2815 tt
105 2767 201 2820 umen
224 2767 286 2820 tarn
308 2759 415 2838 raptim
438 2765 559 2820 euntem
581 2765 643 2819 tres
663 2767 694 2818 et
715 2759 837 2837 triginta
853 2758 1012 2840 elephanti.
1050 2758 1080 2819 in
1103 2757 1217 2824 uallet

106 2845 219 2906 occulta
242 2853 310 2923 post
323 2844 417 2905 'l'ilata
439 2853 573 2905 montem
588 2843 793 2905 imminentem
813 2843 930 2924 Capuae
952 2843 1097 2906 consedit.
1129 2843 1182 2904 ad-

106 2928 230 2992 ueniens
253 2947 320 2990 cum
343 2929 495 2990 castellum
511 2928 652 2989 Galatiam
667 2928 814 3008 praesidio
830 2930 861 2990 ui
880 2929 967 3010 pulso
990 2929 1126 3008 cepisset
1149 2929 1180 2989 in

106 3011 348 3076 circumsedentis
361 3014 490 3094 Capuam
505 3032 537 3075 se
552 3013 652 3084 uertit,
668 3014 898 3094 praemissisque
913 3014 1026 3076 nuntiis
1042 3013 1181 3094 Capuam,
1203 3027 1218 3077 t

106 3115 163 3176 quo
184 3109 322 3178 tempore
343 3108 438 3161 eastra
461 3098 594 3160 llomana
622 3098 816 3177 adgressurus
844 3109 936 3172 esset,
965 3108 998 3161 ut
1027 3097 1130 3161 eodem
1153 3106 1184 3158 et

105 3224 308 3244 ——L—

108 3319 127 3376 ς
143 3317 216 3368 uince
234 3315 268 3367 1²¹
286 3315 390 3368 uincere
408 3314 451 3381 μ,
467 3316 516 3367 aed
530 3332 584 3370 ras.
603 3297 678 3368 uibce
697 3317 850 3366 restitutum
869 3319 907 3366 ert
920 3313 930 3383 ΙΙ
944 3316 956 3368 1
972 3319 998 3368 et
1010 3319 1037 3367 ei
1049 3331 1095 3383 pro
1115 3313 1185 3382 οΡΙ

108 3384 194 3436 laese
218 3387 239 3448 ς
262 3399 291 3436 se
308 3400 363 3438 raa.
382 3400 417 3435 ea
434 3397 476 3436 ses
492 3384 535 3451 ΡΙ
549 3383 657 3435 desilere
676 3382 746 3452 Ple
765 3383 791 3435 id
809 3387 945 3451 postquam
963 3383 1052 3435 Μαιιν.
1097 3381 1182 3434 uelles·

108 3454 241 3520 postquam
266 3451 293 3503 id
316 3451 388 3504 Kocb
411 3456 547 3520 postquam
566 3449 610 3518 ΡΙ
622 3454 653 3503 Π
674 3458 824 3518 tragemque
849 3451 888 3516 1¹¹,
913 3466 983 3504 corr.
1003 3451 1037 3503 Ρ
1049 3450 1059 3518 ΙΙ
1074 3453 1106 3504 18
1124 3449 1181 3513 luit,

106 3516 328 3586 <et)institutum
350 3519 445 3585 Ussing
462 3520 525 3584 luit,
547 3519 667 3570 instituto
690 3519 864 3584 Wesenberg‚·
892 3519 1036 3572 institutum
1050 3523 1182 3571 -essent

109 3585 155 3638 dal.
173 3587 316 3639 Welbaler
339 3587 397 3640 Lis.
417 3588 531 3640 Studien
549 3587 564 3638 1
579 3587 636 3656 tot
649 3589 682 3640 20
701 3603 726 3656 q.
743 3603 799 3640 ras.
818 3603 853 3638 aa
874 3586 947 3654 quiin
966 3586 1007 3656 Pl
1022 3589 1053 3642 ut
1073 3588 1182 3654 impera·

110 3655 174 3707 tores
191 3659 262 3708 soni.
286 3653 464 3722 deperditi
484 3656 553 3708 omni
572 3671 607 3707 ιω
624 3656 708 3708 omnis
726 3655 779 3723 1²¹!
793 3657 826 3709 29
845 3655 985 3721 aptissimis
1002 3659 1023 3720 ς
1033 3655 1043 3721 ΙΙ
1056 3656 1123 3708 senti
1141 3653 1184 3720 ΡΙ

109 3721 136 3773 tt
156 3736 203 3788 pos
217 3725 223 3790 1
239 3722 312 3776 tiiata
333 3724 419 3792 ⁹l³³
437 3723 637 3792 praemissisque
651 3729 671 3788 ς
691 3721 798 3776 Orduier
810 3723 957 3790 praemissis
970 3723 1065 3792 nilque
1076 3723 1181 3790 Pprae·

110 3789 190 3842 mtssis
207 3797 267 3844 ante
285 3791 394 3859 Aldus}
408 3794 441 3845 34
458 3791 626 3858 adgressuros
643 3792 667 3843 P
