2734 4250
98 151 119 184 a.
129 141 179 186 Chr.
188 142 228 184 212
503 125 596 178 HBER
613 125 692 191 XXV,
710 129 764 181 8.9
1114 129 1175 188 249

98 311 149 360 aut
169 298 296 360 amicitia
319 297 521 376 contingebat.
558 299 598 360 ex
614 299 650 362 iis
671 300 815 361 tredecim
836 300 899 360 lere
914 301 1031 364 nobiles
1053 302 1177 368 iuuenes
1198 317 1214 366 a

98 383 249 444 Tarentini
268 383 512 458 coniurauerunt,
534 403 661 463 quorum
680 386 832 465 principes
847 385 919 447 Nico
942 397 973 449 et
987 387 1176 452 Philemenus

97 477 191 530 erant
234 468 281 541 hi,
310 468 482 548 priusquam
504 469 613 548 aliquid
642 479 815 544 mouerent,
845 472 1087 552 conloquendum
1108 487 1214 537 cuma

97 553 263 615 Hannibale
286 554 342 615 rati
358 562 445 615 nocte
467 573 522 634 per
541 555 671 634 speciem
687 556 817 617 uenandi
834 556 907 618 urhe
922 558 1034 638 egressi
1056 559 1174 622 adeum

61 638 339 719 sproficiscuutur.
384 647 413 700 et
441 657 508 700 curn
537 640 615 701 haud
637 641 745 719 procul
773 642 877 704 castris
903 642 1056 718 abessent,
1086 648 1175 707 ceteri
1198 658 1212 707 5

95 725 170 786 11111
185 742 279 804 prope
293 723 372 786 uiam
387 743 452 786 sese
467 725 672 800 occuluerunt,
688 727 760 788 Nico
776 735 806 788 et
820 727 1011 790 Philemenus
1025 732 1174 810 progressi

95 809 131 870 ad
153 809 297 871 stationes
312 810 591 890 comprehensique,
614 810 693 872 ultro
708 812 738 872 id
758 822 905 891 petentes,
926 815 961 875 ad
978 814 1174 877 Hannibalem

94 894 214 956 deducti
236 904 316 956 sunt.
354 895 405 974 qui
427 914 495 956 eum
518 905 547 956 et
568 914 671 958 causas
694 898 799 959 consili
821 899 867 959 sui
889 898 1012 977 etquid
1034 912 1174 980 pararent
1193 911 1209 961 6

95 980 312 1060 exposuissent,
331 979 496 1042 conlaudati
513 981 689 1060 oneratique
703 983 857 1062 promissis
871 982 1022 1056 iubentur,
1038 994 1071 1046 ut
1085 985 1173 1047 fidem

47 1073 74 1124 10
93 1065 289 1145 popularibus
311 1066 443 1127 lacerent
458 1066 618 1144 praedandi
641 1085 729 1129 causa
749 1084 782 1129 se
799 1068 875 1129 urbe
897 1087 1042 1148 egressos,
1064 1089 1172 1150 pecora

4 1171 5 1230 1
94 1150 391 1230 Carthaginiensium,
408 1169 484 1229 quae
494 1159 610 1232 pastum
622 1153 765 1232 propulsa
779 1163 890 1226 essent,
905 1154 941 1214 ad
953 1155 1057 1215 urbem
1069 1174 1172 1235 egere;

94 1244 157 1297 tuto
182 1254 215 1296 ac
237 1236 303 1297 sine
326 1235 487 1298 certamine
509 1237 538 1298 id
561 1237 693 1299 lacturos
714 1238 894 1318 promissum
916 1247 969 1300 est
1012 1250 1207 1320 conspectat

93 1339 126 1382 ea
156 1321 266 1402 praeda
295 1321 438 1383 iuuenum
467 1329 525 1397 est,
556 1323 716 1402 minusque
744 1324 851 1385 iterum
875 1342 909 1384 ac
932 1324 1049 1402 saepius
1070 1327 1098 1387 id
1122 1345 1173 1388 ens

92 1407 202 1468 audere
230 1406 374 1468 miraculo
404 1407 469 1468 luit.
513 1409 666 1486 congressi
696 1427 763 1469 eum
791 1408 957 1470 Hannibale
986 1428 1090 1472 rursus
1115 1412 1209 1472 fides

46 1499 71 1548 11
90 1500 257 1554 sanxerunt
279 1491 389 1553 liberos
404 1492 581 1554 Tarentinos
597 1493 676 1572 leges
691 1511 760 1555 suas
778 1511 890 1573 suaque
905 1495 1004 1555 omnia
1020 1494 1172 1558 habituros

91 1595 192 1656 neque
213 1576 308 1638 ullum
330 1577 456 1656 uectigal
473 1578 574 1639 Poeno
596 1597 744 1658 pensuros
759 1579 976 1658 praesidiumue
998 1580 1109 1643 inuitos
1124 1600 1171 1642 re·

90 1672 248 1742 cepturos3
277 1662 386 1741 proditi
415 1662 542 1742 praesidi
570 1662 697 1725 Romani
726 1665 853 1745 hospitia
883 1664 1169 1744 Carthaginiensium

90 1749 163 1810 lore.
203 1749 277 1809 haec
299 1748 350 1808 ubi
372 1757 591 1821 conuenerunt,
613 1757 687 1810 tunc
710 1767 782 1810 uero
798 1750 989 1812 Philemenus
1011 1760 1171 1813 consuetu·
1193 1761 1208 1811 o

89 1834 192 1894 dinem
215 1841 305 1894 nocte
328 1832 500 1912 egrediundi
529 1834 734 1913 redeundique
755 1835 786 1895 in
809 1835 914 1896 urbem
937 1837 1170 1915 frequentiorem

44 1925 69 1975 tu
89 1919 198 1980 lacere.
236 1927 267 1978 et
282 1928 345 1979 erat
359 1918 489 1979 uenandi
505 1919 602 1979 studio
624 1918 758 1999 insignis,
781 1938 931 1999 canesque
946 1929 976 1982 et
990 1922 1064 1983 alius
1078 1941 1169 2002 appa-

89 2011 171 2066 ratus
199 2002 396 2082 sequebatur,
425 2005 603 2083 captumque
631 2005 725 2065 ferme
752 2004 863 2084 aliquid
890 2013 940 2067 aut
966 2007 1002 2067 ab
1028 2007 1114 2069 hoste
1135 2027 1171 2069 er
1194 2018 1221 2068 10

88 2097 267 2170 praeparato
282 2087 409 2151 adlatum
425 2096 582 2169 reportans
600 2087 730 2151 donabat
744 2102 795 2152 aut
808 2093 959 2171 praelecto
974 2100 1026 2152 aut
1040 2092 1169 2155 eustodi-

87 2174 143 2238 hus
157 2182 325 2256 portarum.
351 2183 440 2236 nocte
455 2174 580 2236 maxime
596 2193 763 2237 commeare
777 2186 902 2256 propter
915 2186 1025 2237 metum
1041 2178 1168 2240 hostium

87 2259 262 2321 credebant.
300 2259 352 2320 ubi
373 2260 430 2320 iarn
446 2278 482 2320 eo
505 2261 729 2323 consuetudinis
749 2261 874 2322 adducta
890 2279 939 2323 res
954 2270 1007 2335 est,
1030 2271 1072 2335 ut,
1095 2281 1170 2341 qno·
1192 2274 1219 2323 11

41 2352 67 2403 aa
87 2362 219 2424 cumque
234 2345 331 2406 noctis
345 2354 479 2424 tempore
494 2344 580 2406 sibilo
596 2345 725 2407 dedisset
742 2346 872 2426 signum,
895 2355 979 2426 porta
993 2346 1168 2425 aperiretur,

86 2440 206 2512 tempus
230 2429 362 2509 agendae
385 2430 428 2490 rei
451 2428 608 2491 Hannibali
631 2431 727 2493 uisum
750 2440 804 2493 est
841 2431 929 2492 tridui
952 2432 1031 2491 uiam
1053 2431 1168 2507 aberat;
1192 2443 1220 2493 12

85 2515 151 2591 ubi,
180 2533 241 2594 quo
265 2514 364 2577 minus
385 2514 493 2575 mirum
516 2523 594 2576 esset
613 2534 676 2577 uno
699 2516 864 2595 eodemque
885 2516 951 2577 loco
973 2517 1079 2578 statiua
1100 2536 1167 2580 eum

86 2610 143 2663 tam
167 2600 222 2662 diu
245 2599 369 2673 habere,
392 2618 513 2678 aegrum
536 2600 700 2662 simulabat.
738 2601 879 2663 Romanis
901 2619 1038 2680 quoque,
1065 2603 1167 2682 quiin
1191 2613 1219 2663 13

86 2686 236 2766 praesidio
259 2684 381 2747 Tarenti
403 2694 504 2758 erant,
533 2693 670 2765 suspecta
700 2704 764 2748 esse
793 2687 851 2748 iam
879 2686 980 2765 segnis
1001 2705 1084 2748 mora
1106 2688 1169 2749 eins

40 2778 66 2829 11
85 2772 223 2834 desierat
269 2781 402 2832 ceterum
424 2778 582 2849 postquam
604 2771 766 2832 Tarentum
796 2772 839 2833 ire
869 2772 1037 2846 constituit,
1066 2772 1205 2834 decemb

172 2992 186 3044 1
214 2988 365 3055 contigebat
388 2990 423 3053 P;
445 2986 510 3050 fort.
535 2989 678 3055 contigeret
698 2988 709 3058 ΙΙ
732 2992 747 3042 2
766 2990 885 3057 princeps
902 2993 926 3043 P
943 2992 954 3058 ΙΙ
975 2995 990 3045 3
1015 2992 1106 3059 eliquit
1123 2992 1169 3060 ΡΙΙ

86 3060 196 3110 111111
216 3058 251 3108 Ρ’
277 3058 363 3109 111111
381 3058 413 3108 Ρι
425 3057 464 3124 116
483 3057 643 3125 philemenus
659 3058 688 3119 P,
705 3059 754 3108 aad
769 3074 785 3109 n
804 3075 839 3109 11
857 3076 872 3111 o
890 3060 936 3109 uel
952 3059 1017 3127 1111
1036 3075 1168 3127 compren-

85 3124 283 3193 benaiquel’ll
304 3126 377 3178 8111
396 3126 474 3177 etl¹²
506 3126 546 3177 111
564 3126 684 3177 1111ΡΙ
706 3125 716 3193 ΙΙ
741 3128 772 3179 12
790 3127 945 3191 promiscum
963 3128 1003 3192 ΡΙ,
1022 3144 1092 3179 corr.
1109 3128 1168 3193 ΡἸΙ

87 3196 116 3245 13
134 3196 277 3260 minusque
295 3192 337 3260 ΡΙΙ
351 3196 384 3246 14
402 3192 489 3245 audire
502 3192 544 3259 Pll
560 3194 738 3245 1511111111.
753 3194 923 3259 Wesenberg,
941 3210 991 3246 om.
1003 3196 1046 3261 Pl
1061 3198 1090 3248 t't
1110 3210 1168 3261 pro-

86 3260 131 3313 diti
157 3260 275 3329 praesidi
297 3261 395 3313 romani
416 3260 527 3328 hospitia
547 3259 624 3322 (sort.
642 3259 762 3329 praedam
780 3262 855 3325 add.)
873 3264 976 3312 conieci
993 3262 1093 3329 prodita
1112 3277 1168 3329 pre-

87 3329 152 3382 sidio
177 3330 204 3381 Ρ
237 3328 338 3395 prodita
365 3328 476 3396 hospitia
502 3343 664 3381 romanorum
689 3344 747 3380 cunr
774 3330 901 3395 praesidio
928 3332 998 3381 coni.
1023 3330 1168 3382 Wer'aeanb.

89 3398 193 3464 prodito
220 3396 348 3463 praesidio
366 3397 414 3449 hoe
433 3398 479 3465 itia
495 3411 598 3449 1111111
623 3396 743 3462 praedam
761 3396 981 3449 Mesammones·
1015 3411 1056 3450 res
1074 3396 1168 3464 proditi

87 3466 209 3531 praesidii
234 3464 333 3529 lh'ngal
366 3413 467 3532 prodito
492 3464 620 3532 praesidio
645 3480 749 3517 romana
773 3465 884 3532 hospitia
908 3464 1040 3517 Hiernonn
1073 3465 1167 3531 proditi

86 3534 207 3599 praedam
232 3530 353 3599 praesidii
377 3532 473 3585 Novate
494 3533 504 3600 ΙΙ
527 3535 559 3585 20
578 3547 723 3601 canesquae
741 3535 765 3584 Ρ
782 3533 792 3601 ΙΙ
814 3536 844 3586 21
871 3533 962 3599 aliquit
979 3533 1026 3599 ΡΙΙ
1043 3537 1076 3587 22
1097 3534 1167 3586 ahlo-

86 3608 138 3653 torn
155 3601 204 3669 Pl
219 3604 354 3667 reportans
372 3601 484 3667 Madvig
508 3600 677 3667 reportandos
696 3602 729 3652 Ρι
757 3601 912 3667 reportando
930 3601 964 3652 Ρ
979 3601 989 3669 ΙΙ
1002 3604 1035 3655 lh
1054 3602 1130 3655 sibilo
1149 3608 1168 3667 ς

86 3669 195 3722 sihiloeo
214 3670 239 3719 P
271 3668 349 3719 sibilo
372 3670 473 3721 custodi
492 3668 562 3721 Koch
597 3668 674 3722 stbtlo
699 3685 757 3722 enm
777 3670 883 3721 Harant
917 3669 994 3724 sibilo
1017 3675 1079 3724 noto
1098 3675 1167 3723 cont.

88 3736 232 3790 Wetaamd,
271 3736 347 3790 sibilo
373 3738 518 3803 composito
541 3736 639 3789 Nnoolr
660 3738 670 3802 11
691 3739 723 3790 28
747 3737 788 3806 (se
830 3737 969 3789 simulabat
991 3739 1075 3792 dubit.
1098 3743 1166 3791 coni.

89 3804 233 3858 Weiaaerrd.
245 3804 257 3873 ΙΙ
271 3806 305 3858 19
322 3804 373 3857 ianr
392 3806 416 3857 Ρ
440 3810 491 3857 tana
509 3806 622 3870 Madvig
639 3806 699 3858 Hm.
717 3805 778 3857 bin.
823 3806 957 3874 61111111
974 3807 997 3857 Ρ
