2734 4250
92 176 109 209 ι
121 164 168 210 cn.
180 166 218 209 ιιι
476 148 571 201 HBER
587 148 677 214 xxvi,
696 151 719 201 t.
738 150 754 201 8
1134 147 1154 205 9

90 322 180 402 Capua
190 321 283 384 duces
294 331 384 401 atque
396 322 543 383 exercitus
553 319 713 383 Romanos.
743 339 781 382 nc
793 318 1015 400 desponderent
1027 320 1156 395 animos;
1177 329 1193 381 8

89 407 234 469 tolerando
256 424 368 487 paucos
390 406 453 469 dics
474 414 567 467 totam
582 405 733 469 soluturos
747 405 942 486 opsidionem.
980 404 1050 467 inde
1072 405 1193 467 nauistt

89 493 117 553 in
130 493 248 554 {lumine
264 491 411 553 Vulturno
434 492 657 571 conprehensas
677 490 775 571 subigi
796 489 831 551 ad
854 490 884 552 id
907 489 986 569 quod
1008 490 1065 550 iam
1086 498 1155 551 ante

89 577 219 657 praesidii
240 594 327 638 causa
356 578 467 639 lecerat
493 576 648 638 castellum
672 577 766 639 iussit.
811 592 936 655 quarum
964 574 1015 636 ubi
1044 584 1156 637 tantam
1180 584 1208 637 to

58 662 196 744 inopiam
218 680 293 733 essc,
315 669 349 724 ut
369 681 430 724 una
453 670 542 723 nocte
564 661 648 723 traici
670 668 772 742 posset
789 660 944 733 exercitus,
967 660 1086 722 allatum
1102 670 1154 733 est,

88 747 198 809 cibariis
219 747 322 809 decem
344 747 458 809 dierum
482 745 663 827 praeparatis
685 746 824 809 deductas
853 756 941 807 nocte
969 745 1003 806 ad
1030 745 1154 807 lluuium

92 832 215 913 legiones
237 842 306 894 anto
328 832 424 893 lucem
445 832 571 894 traiecit.

164 917 196 978 ld
211 917 385 996 prinsquam
403 918 497 992 deret,
520 918 560 978 ita
583 916 715 978 futurum
738 924 916 997 conpertum
939 934 974 977 ex
997 916 1191 997 transfugiss

88 1000 203 1064 Fuluius
226 1000 349 1063 Flaccus
370 1002 488 1064 senatui
510 1002 634 1063 Romam
656 1019 725 1062 cum
751 1000 933 1081 scripsisset,
961 1001 1044 1063 uarie
1066 1001 1155 1062 animi

46 1096 70 1146 tt
87 1087 233 1149 bominum
249 1105 305 1167 pro
321 1087 465 1167 cuiusque
481 1086 603 1166 ingenio
619 1086 726 1147 adfecti
741 1096 820 1148 sunt.
858 1096 890 1147 ut
907 1086 938 1146 in
961 1104 994 1147 rc
1016 1095 1075 1147 tam
1096 1095 1156 1148 tre·
1179 1094 1194 1145 2

87 1172 148 1251 pido
162 1182 268 1234 senatu
284 1170 431 1253 extemplo
448 1181 554 1235 uocato
571 1172 602 1233 P.
619 1170 784 1245 Cornelius,
800 1170 847 1233 cni
864 1170 971 1232 Asinae
986 1188 1153 1252 cognomen

87 1268 152 1331 erat,
164 1274 270 1321 omnes
280 1258 370 1319 duces
381 1257 587 1336 exercitusque
598 1276 634 1319 ex
649 1266 711 1319 tota
725 1255 804 1317 ltalia
818 1273 917 1336 ncqtrc
929 1256 1045 1337 Capuae
1058 1274 1156 1335 neque

87 1342 167 1405 ullius
182 1342 304 1404 alterius
321 1343 364 1404 rei
380 1360 493 1404 memor
508 1343 542 1403 ad
558 1340 641 1404 urbis
656 1341 833 1422 praesidium
851 1342 1024 1414 reuocabat;
1048 1340 1156 1402 Fabius
1177 1348 1192 1401 3

88 1427 223 1490 liauimus
251 1426 369 1489 abscedi
394 1446 411 1489 a
434 1426 532 1508 Capua
561 1426 727 1507 terrerique
755 1435 786 1488 et
813 1426 973 1505 circumagi
1001 1426 1037 1487 ad
1067 1438 1158 1488 nutus

47 1519 69 1570 c
87 1513 386 1591 comminationesque
399 1512 574 1575 Hannibalis
585 1512 761 1593 flagitiosum
774 1512 912 1574 ducebat:
930 1512 981 1591 qui
993 1512 1028 1573 ad
1042 1510 1159 1573 Cannas
1178 1522 1195 1572 4

86 1598 177 1661 uictor
203 1599 249 1660 ire
277 1608 375 1659 tamen
404 1599 440 1659 ad
470 1597 575 1659 urbam
597 1616 687 1660 ausus
708 1616 770 1659 nou
799 1605 892 1670 esset,
923 1615 991 1659 eum
1019 1615 1035 1657 a
1059 1596 1157 1677 Capua

86 1684 231 1763 repulsum
247 1700 332 1764 spem
343 1682 505 1762 potiundae
516 1683 599 1745 urbis
611 1682 722 1744 Romae
738 1680 875 1765 cepisse?
908 1700 969 1743 nou
986 1682 1020 1743 ad
1034 1681 1156 1743 Romam
1179 1691 1194 1741 5

88 1766 284 1843 obsidendam,
299 1768 350 1830 sed
365 1767 400 1829 ad
417 1766 532 1849 Capuae
551 1767 733 1829 liberandam
751 1767 935 1829 obsidionem
951 1768 1003 1828 ire.
1033 1765 1156 1829 Romam

88 1871 148 1914 cum
164 1873 200 1915 eo
215 1853 359 1927 exercitu,
374 1854 426 1933 qui
441 1853 477 1914 ad
493 1854 596 1915 urbem
612 1861 699 1926 esset,
715 1852 815 1916 louem
832 1853 985 1915 foederum
1001 1861 1157 1933 ruptomm

45 1943 70 1995 rt
87 1938 120 1999 ab
131 1938 297 2001 Hannibale
312 1947 417 1999 testem
433 1939 564 2019 deosque
580 1938 652 2001 alios
667 1937 843 2001 defensuros
858 1956 931 2000 csse.
962 1938 1014 2000 has
1029 1937 1160 2000 diuersas
1181 1947 1197 1998 o

88 2025 246 2087 sententias
267 2022 364 2085 media
384 2025 532 2085 sententia
547 2024 579 2085 P.
592 2023 699 2085 Valerii
715 2022 811 2085 Flacci
827 2023 908 2097 uicit,
932 2023 982 2103 qui
1004 2024 1158 2103 utriusque

88 2110 127 2170 rei
146 2127 264 2172 memor
285 2108 524 2188 imperatoribus,
547 2108 598 2189 qui
620 2108 656 2171 ad
679 2108 808 2190 Capuam
831 2114 940 2181 essent,
967 2108 1160 2172 scribendum

87 2195 206 2271 censuit,
228 2194 301 2274 quid
316 2196 351 2255 ad
369 2195 474 2256 urbem
489 2194 627 2276 praesidii
642 2204 735 2269 esset;
758 2203 883 2274 quantas
898 2202 996 2257 autem
1013 2193 1160 2256 Hannibal

88 2280 181 2360 copias
210 2280 335 2342 duceret
361 2287 413 2341 aut
440 2287 551 2360 quanto
581 2280 713 2343 exercitu
742 2280 776 2341 ad
810 2279 938 2359 Capuam
968 2279 1160 2341 obsidendam

47 2369 157 2446 bopus
179 2374 266 2439 emet,
290 2363 371 2446 ipsos
391 2365 477 2428 scire.
515 2365 539 2427 si
555 2365 594 2426 ita
610 2365 765 2426 Romame
781 2363 906 2426 ducibus
929 2363 1003 2424 alter
1023 2373 1054 2425 et
1075 2381 1160 2425 exer·
1183 2374 1197 2423 t

89 2451 158 2512 citus
179 2469 251 2531 pars
272 2449 348 2511 mitti
370 2459 480 2530 posset,
502 2459 536 2511 ut
550 2449 585 2511 ab
602 2450 717 2530 reliquo
733 2458 763 2511 et
777 2449 852 2511 duce
868 2458 897 2511 et
912 2449 1042 2510 exercitu
1060 2448 1158 2528 Capua

88 2545 163 2597 recte
185 2533 388 2616 opsideretur,
419 2535 499 2596 inter
524 2553 557 2598 se
579 2541 787 2616 compararent.
809 2533 947 2596 Claudius
968 2533 1160 2613 Fuluiusque,
1182 2543 1197 2596 8

88 2622 141 2680 utri
163 2619 327 2702 opsidenda
349 2620 457 2700 Capua,
481 2621 541 2682 utri
563 2620 599 2682 ad
621 2620 836 2701 prohibendam
859 2618 1015 2681 obsidione
1036 2619 1159 2699 patriam

88 2703 204 2767 liomam
226 2705 416 2767 ueniundum
438 2714 526 2767 esset
562 2705 621 2767 hoc
642 2714 763 2767 senatus
786 2705 922 2767 consulto
941 2704 1068 2785 Capuam
1092 2723 1161 2785 per·
1183 2713 1199 2764 9

47 2791 70 2844 tt
89 2789 142 2850 lato
156 2792 191 2863 0.
207 2789 334 2852 Fuluius
348 2790 520 2871 proconsul,
537 2791 594 2863 oui,
618 2791 729 2870 collega
746 2808 780 2851 eu
798 2791 923 2852 uulnere
939 2807 1037 2869 aegro,
1060 2790 1160 2871 digre-

88 2875 224 2938 diundum
247 2875 372 2937 Homam
401 2886 479 2950 crat,
508 2894 525 2937 e
553 2876 648 2938 tribus
675 2875 853 2937 exercitibus
874 2875 966 2936 milite
989 2876 1101 2950 electo,
1125 2877 1159 2938 ad

89 2961 254 3038 quindecim
284 2961 362 3021 milia
391 2960 542 3041 peditum,
573 2960 653 3023 mille
678 2961 792 3040 equites
814 2960 993 3022 Vulturnum
1023 2961 1159 3023 traducit.

89 3044 153 3107 inde
167 3065 236 3109 cum
253 3045 448 3107 Hannibalem
465 3045 569 3107 Latina
585 3047 632 3108 uia
648 3047 759 3108 iturum
780 3046 850 3108 satis
872 3047 1075 3125 comperisset,
1098 3046 1162 3127 ipse
1183 3055 1213 3108 10

89 3148 139 3208 per
151 3131 263 3212 Appiae
285 3131 449 3212 municipia
470 3149 605 3230 quaeque
627 3139 753 3212 propter
771 3148 834 3192 eam
850 3131 929 3191 uiam
945 3139 1024 3203 sunt,
1041 3131 1160 3205 Setiam,

46 3217 71 3268 b
91 3213 199 3292 Coram,
215 3215 373 3278 Lauinium
389 3217 549 3297 praemisit,
569 3226 602 3278 ut
616 3225 799 3278 commeatus
814 3223 931 3295 paratos
946 3223 975 3276 et
989 3216 1020 3276 in
1036 3214 1162 3277 urbibus
1183 3223 1211 3276 11

151 3351 167 3404 2
185 3365 284 3418 paucos
302 3353 321 3415 ς
338 3364 429 3416 pacem
447 3349 517 3432 ΡΗ
535 3350 620 3417 subigi
639 3350 670 3401 ad
689 3347 714 3400 id
735 3347 815 3401 Gran.
834 3347 903 3412 (duci
916 3346 948 3399 ad
962 3347 987 3398 id
1001 3347 1093 3411 Valla)
1104 3347 1159 3401 ubi·

91 3416 169 3480 gladio
187 3418 259 3486 Plo
277 3424 354 3471 nocte
371 3422 398 3470 et
416 3418 487 3470 traicr
505 3418 576 3486 Pto
594 3417 680 3471 uanae
697 3415 739 3485 Pl
754 3418 785 3469 1³
804 3415 836 3468 ad
853 3431 888 3467 aa
905 3414 950 3467 rad
967 3413 1001 3464 Ρι
1004 3415 1024 3496 l
1038 3417 1069 3468 16
1087 3415 1124 3468 ire
1141 3419 1161 3482 ς

91 3497 132 3550 yrs
152 3503 205 3540 rus.
231 3503 267 3538 aas
284 3491 342 3554 tyre
360 3486 401 3552 ΡΙ
416 3487 448 3540 ta
470 3493 610 3538 martorum
628 3485 670 3550 Pl
682 3485 712 3538 ll
735 3485 778 3552 qul
797 3500 850 3536 rus.
869 3500 904 3534 aas
922 3481 1009 3550 quiqui
1029 3483 1072 3550 Pl
1085 3485 1161 3536 utris·

92 3567 137 3618 qus
153 3553 195 3620 ΡΙ
207 3557 240 3608 2³
260 3567 318 3606 esse
336 3553 503 3624 maome!
461 3553 503 3624 ΡΙ
516 3553 637 3606 hannibal
650 3569 685 3604 ox
698 3551 834 3604 hannibale
846 3551 878 3603 Ρ1
891 3551 902 3618 l
914 3553 946 3604 25
959 3551 994 3604 ita
1007 3550 1162 3614 Alsobasslri

93 3624 129 3670 sta
145 3624 168 3673 P
199 3625 230 3676 27
251 3620 413 3702 opsideretur
429 3637 482 3674 ras.
500 3639 535 3674 ex
553 3621 732 3687 opsidsrsntur
744 3619 785 3689 Pil
799 3623 974 3700 campararent
986 3619 1028 3689 Pil
1041 3623 1074 3675 30
1087 3621 1160 3690 quin-

92 3691 168 3741 tnsl’
199 3703 277 3757 aegro
304 3688 497 3756 digrediundum
518 3690 738 3756 Weissenborn(
728 3691 816 3756 (aegro
834 3687 1000 3755 gradiendum
1018 3689 1162 3741 Ascama'us

94 3757 164 3819 1513)
176 3757 401 3824 aegrediundum
389 3773 419 3808 an
432 3758 604 3824 segreundom
617 3761 683 3808 mut
693 3757 725 3808 Ρι
738 3771 815 3824 aegro
825 3755 935 3809 eundum
945 3756 1031 3808 Aldus
1038 3759 1048 3825 ΙΙ
1061 3759 1093 3812 32
1103 3756 1160 3810 mil-

93 3774 336 3896 harpocration
355 3825 599 3893 ad.d!og.asdiam
618 3825 856 3893 Fldblsnuuium
876 3824 1014 3877 Cluverius
