2734 4250
213 144 275 205 aaa
601 146 695 201 uena
712 146 792 214 xxx,
811 152 850 201 12
873 151 901 201 ra
1144 174 1163 208 a
1176 174 1199 207 a
1211 174 1230 207 a.
1242 163 1275 205 su

162 329 191 382 ta
211 321 320 397 institit
337 320 444 383 deinde
460 329 598 399 reputare
620 338 722 382 secum
745 321 819 399 ipse,
841 338 930 399 quem
953 322 989 383 ad
1012 321 1133 383 modum
1153 320 1278 400 promissi

213 406 300 467 iidem
327 415 499 485 praestaret.
544 405 623 483 quod
647 424 715 467 cum
737 406 876 485 expedire
905 424 966 467 non
989 416 1106 487 posset,
1133 406 1169 467 ah
1190 423 1279 466 aurore

160 502 191 552 aa
212 492 400 552 temerarium
428 500 517 569 atque
546 490 703 569 impudens
732 500 884 552 mutuatur
911 492 1084 553 consilium:
1114 492 1230 571 nuptias
1252 490 1279 551 in

214 593 281 637 eum
309 576 406 657 ipsum
435 576 513 638 diem
539 576 635 654 parari
664 583 788 655 repente
814 575 910 649 iubet,
946 595 984 637 ne
1012 577 1084 657 quid
1112 576 1282 656 relinqueret

215 662 322 741 integri
338 670 389 722 aut
409 660 509 722 Laelio
530 669 582 721 aut
603 660 658 740 ipsi
681 660 814 740 Scipioni
837 661 1012 723 consulendi
1034 662 1118 725 uelut
1138 663 1169 723 in
1198 662 1312 742 capti-t

162 754 190 806 at
214 764 297 819 uam,
326 764 401 825 quae
423 745 595 807 Masinissae
615 746 673 807 iam
697 753 791 825 nupta
813 747 899 807 iuret
942 746 1027 809 laces
1050 747 1162 827 nuptiis
1187 764 1284 827 super·

215 832 298 893 uenit
319 831 450 905 Laelius,
473 840 503 891 et
524 829 597 893 adeo
621 850 682 892 non
705 830 900 893 dissimulauit
919 831 1090 910 improbare
1116 850 1149 893 se
1174 833 1286 902 lactum

214 926 246 979 ut
262 916 358 997 primo
373 916 459 979 etiam
475 933 544 977 eum
565 916 699 997 Syphace
720 925 751 977 et
772 917 879 978 ceteris
899 917 1026 996 captiuis
1046 917 1207 979 detractam
1228 932 1285 977 eam

163 1010 192 1061 tt
215 1003 292 1064 lecto
315 1001 422 1081 geniali
445 1002 563 1062 mittere
584 1002 620 1062 ad
644 1001 815 1080 Scipionem
838 1011 963 1063 conatus
983 1003 1037 1077 sit;
1068 1003 1167 1065 uictus
1188 1000 1285 1064 deinde

215 1086 356 1168 precihus
370 1086 538 1148 Masinissae
554 1086 675 1158 orantis,
698 1094 731 1147 ut
744 1085 907 1156 arbitrium,
931 1088 1026 1149 utrius
1041 1105 1145 1167 regum
1167 1088 1286 1150 duorum
1303 1094 1324 1145 tt

216 1174 354 1234 lomunae
368 1170 497 1233 accessio
513 1170 685 1251 Sophoniba
700 1179 789 1243 esset,
804 1172 839 1232 ad
856 1171 1026 1251 Scipionem
1048 1172 1187 1246 reicerat,
1205 1172 1285 1233 mimo

215 1258 349 1339 Syphace
360 1265 391 1317 et
405 1256 529 1335 captiuis
543 1265 657 1318 ceteras
673 1254 763 1317 urbes
773 1255 937 1329 Numidiae,
952 1274 1030 1336 qnae
1040 1258 1197 1337 praesidiis
1206 1258 1286 1337 regiis

215 1342 405 1415 tenebantur,
427 1342 586 1403 adiuuante
608 1340 760 1403 Masinissa
781 1341 897 1420 recipit.

165 1428 201 1486 1a
302 1427 466 1507 Syphacem
490 1425 520 1487 in
543 1434 639 1488 castra
661 1426 765 1487 adduci
787 1443 855 1486 cum
882 1434 960 1488 csset
980 1427 1170 1500 nuntiatum,
1200 1427 1287 1489 omnis

180 1519 195 1569 a
218 1512 300 1574 uelut
321 1512 357 1574 ad
379 1510 579 1591 spectaculum
602 1510 744 1592 triumphi
768 1511 925 1573 multitudo
951 1511 1043 1573 ellusa
1072 1521 1126 1574 est.
1173 1518 1324 1592 praece-tt

216 1597 304 1660 debat
314 1598 377 1677 ipse
393 1598 521 1671 uinctus,
537 1595 717 1675 sequebatur
731 1614 803 1675 grex
818 1596 963 1657 nobilium
979 1596 1186 1659 Numidarum.
1223 1607 1287 1666 turn,

217 1691 360 1760 quantum
384 1681 509 1760 quisque
532 1682 692 1760 plurimum
716 1689 840 1761 poterat
862 1681 1059 1760 magnitudini
1081 1682 1227 1762 Syphacis
1249 1684 1287 1743 la·

121 1762 129 1780 “
177 1776 339 1845 amaeque
367 1767 464 1845 gentis
493 1766 647 1827 uictoriam
675 1784 758 1828 suam
788 1767 924 1844 augendo
945 1764 1086 1828 addebat:
1115 1767 1203 1829 illum
1230 1784 1287 1830 ease

217 1868 333 1930 regem,
362 1850 447 1911 cuius
470 1860 583 1913 tantum
607 1850 751 1913 maiestati
772 1852 833 1912 duo
856 1851 1051 1930 potentissimi
1074 1852 1104 1913 in
1127 1854 1221 1915 terris
1240 1852 1288 1913 tn‘·

178 1948 195 1997 t
217 1934 337 1997 huerint
358 1935 477 2015 populi,
500 1936 651 1998 llumanus
673 1935 997 2015 Carthaginiensisque,
1019 1946 1054 1997 ut
1075 1936 1180 2016 Scipio
1201 1939 1326 2017 impert

216 2030 298 2081 rator
311 2039 383 2082 suus
398 2022 433 2083 ad
449 2021 606 2083 amicitiam
622 2022 685 2083 eius
707 2022 873 2101 petendam,
899 2022 1000 2083 relicta
1015 2022 1173 2102 prouincia
1190 2023 1290 2103 Hispa·

217 2107 264 2169 nia
282 2106 482 2186 exercituque,
497 2105 612 2169 duabus
627 2106 892 2186 quinqueremibus
906 2106 937 2168 in
953 2106 1082 2168 Africam
1098 2108 1289 2189 nauigauerit,

177 2191 380 2255 ollasdrubal
408 2192 577 2254 Poenorum
607 2193 768 2272 imperator
793 2211 854 2253 non
885 2193 950 2272 ipse
977 2193 1066 2254 modo
1095 2193 1130 2253 ad
1163 2213 1233 2256 eum
1262 2193 1289 2254 in

216 2296 342 2358 regnum
366 2277 492 2351 uenerit,
514 2278 565 2339 sed
581 2278 667 2338 etiam
683 2276 773 2338 tiliam
788 2276 814 2338 ci
837 2287 964 2356 nuptum
986 2277 1109 2339 dederit.
1155 2279 1289 2340 habuisse

215 2381 283 2426 eum
298 2381 360 2424 uno
375 2373 511 2441 tempore
531 2362 561 2424 in
585 2371 731 2441 potestate
752 2362 828 2424 duos
849 2363 1051 2441 imperatores,
1074 2363 1212 2425 Poenum
1234 2363 1332 2424 lto-z

176 2459 403 2525 amarumque.
452 2449 529 2508 sicut
556 2448 592 2508 ab
621 2447 666 2509 dis
693 2446 910 2509 immortalibus
937 2465 1006 2526 pars
1033 2457 1161 2527 utraque
1190 2449 1290 2511 hostiis

215 2533 377 2594 mactandis
392 2550 494 2613 pacem
518 2533 648 2612 petisset,
671 2532 712 2593 ita
727 2532 763 2593 ab
778 2551 814 2594 eo
830 2532 980 2611 utrimque
1000 2533 1113 2613 pariter
1133 2533 1290 2595 amicitiam

178 2630 192 2678 t
215 2618 344 2697 petitam.
389 2619 445 2678 iam
462 2627 557 2680 tantas
578 2616 717 2679 habuisse
739 2635 822 2697 opes,
845 2627 878 2677 ut
900 2617 1082 2680 Masinissam
1105 2636 1203 2698 regno
1226 2618 1290 2698 pul·

214 2723 279 2766 sum
294 2722 330 2763 eo
350 2703 504 2782 redegerit,
528 2712 562 2764 ut
575 2701 637 2763 uita
652 2703 716 2764 eius
738 2703 813 2764 tama
829 2703 934 2765 mortis
955 2710 987 2764 et
1008 2701 1136 2775 latebris,
1160 2705 1290 2765 terarum

176 2787 300 2848 amodo
323 2788 353 2847 in
377 2787 460 2848 siluis
480 2795 564 2866 rapto
588 2787 728 2858 uiuentis,
750 2795 910 2867 tegeretur.
953 2787 999 2850 his
1020 2788 1214 2851 sermonibus
1234 2789 1291 2848 cir-
1310 2792 1336 2842 aa

214 2871 423 2933 curnstantium
452 2871 618 2934 celebratus
646 2890 698 2933 rer
727 2873 757 2934 in
779 2873 960 2952 praetorium
989 2873 1024 2933 ad
1047 2872 1219 2953 Scipionem
1246 2881 1290 2933 est

213 2955 383 3036 perductus.
421 2957 513 3017 mouit
527 2967 557 3019 et
571 2957 740 3038 Scipionem
764 2975 831 3018 cum
848 2958 967 3019 fortuna
982 2957 1108 3037 pristina
1127 2957 1187 3019 uiri
1204 2975 1290 3038 prae·

213 3041 290 3102 senti
306 3043 443 3102 fortunae
458 3042 573 3104 conlata
589 3052 650 3104 tum
673 3043 837 3105 recordatio
861 3042 979 3122 hospitii
1001 3044 1180 3122 dextraeque
1205 3043 1288 3104 datae

174 3139 191 3190 9
212 3136 242 3188 et
257 3126 384 3188 foederis
400 3126 518 3206 publice
533 3146 567 3188 ac
582 3126 722 3207 priuatim
742 3127 845 3189 iuncti.
888 3128 990 3190 eadem
1012 3128 1087 3188 haec
1109 3137 1139 3189 et
1160 3127 1290 3209 Syphaci

214 3229 417 3241 ..-.......---

283 3283 294 3332 l
315 3278 433 3345 promisit
450 3275 539 3345 >flul
558 3276 670 3344 expediri
690 3276 779 3346 2¹15
797 3277 889 3343 integri
907 3279 931 3329 P
947 3277 1075 3344 integrum
1092 3277 1152 3344 ΣῚ
1167 3277 1220 3345 ipsi
1238 3292 1289 3329 aar.

212 3347 271 3414 2¹1!
286 3350 300 3399 'l
319 3345 462 3413 improbare
481 3359 509 3398 se
523 3345 604 3398 tiron.
622 3346 794 3412 improeareae
810 3344 843 3397 1³¹
859 3345 976 3412 improne
993 3359 1007 3396 a
1020 3360 1082 3410 rege
1095 3343 1128 3396 ΡΙ
1143 3345 1289 3412 improbare

212 3415 252 3466 ι’
264 3415 302 3482 fl9
320 3415 388 3467 lecto
407 3413 500 3480 geniali
514 3411 624 3479 Madvig
641 3414 746 3480 (geniali
764 3413 832 3466 lecto
852 3414 923 3478 Otto)
940 3411 1035 3479 geniali
1047 3411 1108 3465 ΡΣ1
1124 3418 1181 3464 tore
1193 3412 1289 3479 geniali

212 3484 258 3533 uel
273 3483 367 3548 geniali
388 3489 443 3535 toro
461 3485 481 3546 ς
499 3481 547 3548 110
566 3482 676 3548 praecih.
696 3484 737 3547 ΡΙ
750 3488 779 3534 ut
797 3481 867 3532 aaa
885 3481 945 3547 ΣῚ
960 3484 988 3534 11
1009 3481 1112 3534 iortnne
1129 3479 1168 3530 Σ1
1184 3481 1287 3533 lortnna

213 3550 258 3616 ΡΙΙ
275 3550 431 3618 sophoniaha
454 3566 487 3600 ae
520 3549 668 3616 sophonisia
691 3547 731 3602 2¹
746 3548 757 3617 Ι
774 3552 806 3603 tl
828 3550 905 3614 regiis
930 3549 965 3601 ps
989 3549 1064 3614 legiis
1081 3548 1114 3601 Ρί
1135 3548 1205 3613 regia
1226 3547 1289 3613 >Fi

214 3619 245 3669 iil
264 3631 325 3683 grex
343 3620 423 3671 Prex
441 3618 481 3668 >3¹
498 3617 508 3684 y
527 3621 556 3670 li
577 3623 678 3682 poterat
696 3620 718 3669 Ρ
736 3624 825 3685 posset
841 3616 905 3685 2¹!
923 3615 1098 3683 magnitudine
1116 3617 1140 3668 Ρ
1159 3617 1288 3682 magnitu-

212 3684 277 3735 dinis
295 3683 503 3803 fflplaruaeque
514 3685 552 3736 Σι
570 3685 653 3738 ternae
667 3687 707 3754 ΡΙ
722 3689 754 3739 18
772 3685 901 3738 addebant
911 3685 950 3735 2¹
961 3685 972 3751 Ι
984 3687 1014 3738 21
1033 3685 1089 3738 eina
1103 3682 1225 3736 P'ffeia
1236 3683 1289 3749 ΡῚ

212 3753 244 3803 25
263 3766 319 3803 curn
369 3752 443 3819 nuno
463 3763 577 3819 tempore
596 3755 748 3821 Ptempore
766 3768 817 3805 uno
836 3752 873 3803 2¹
891 3753 947 3820 129
967 3767 999 3805 eo
1017 3751 1055 3804 Σ·
1071 3752 1097 3804 ie
1114 3752 1156 3819 ΡΙ
1168 3753 1198 3804 31
1221 3752 1287 3804 cele·

211 3819 298 3869 hratur
315 3817 374 3886 ΣἿ
389 3821 422 3872 34
440 3819 504 3872 haec
521 3836 571 3872 orn.
590 3821 691 3889 ΣἸΙει
709 3821 741 3873 Ρ1
758 3828 799 3874 est
816 3822 848 3873 Ρ1
866 3828 907 3874 eet
923 3829 950 3874 et
966 3821 1001 3872 1³¹
1017 3828 1044 3874 et
1060 3819 1105 3872 ael
1121 3834 1153 3872 ex
1170 3818 1212 3870 ΣΡ
