2734 4250
87 149 209 194 scannia
494 135 588 188 Ltltlttt
604 135 680 202 llllll‚
700 139 753 189 23
1115 140 1155 198 65

84 317 109 368 et
135 310 204 388 quia
233 308 372 370 medendi
402 325 458 370 nec
487 309 570 370 locus
599 328 654 371 nec
687 319 805 390 tempus
832 319 909 383 erat,
945 311 1038 372 altero
1068 311 1155 375 oculo

84 411 113 454 ca
132 393 201 455 itur.

114 413 131 474 p
158 479 260 540 llultls
282 479 454 540 bominibus
475 478 674 559 iumentisque
703 481 788 541 loede
809 480 923 543 amissis
945 499 1014 543 curn
1035 481 1188 545 tandemt
1229 510 1248 572 p

84 564 115 624 de
133 564 293 645 paludibus
316 564 499 636 emersisset,
530 563 580 625 ubi
602 565 731 645 primum
760 565 792 626 in
814 566 894 627 sicco
916 567 1027 646 potuit,
1057 576 1153 629 castra
1292 567 1318 606 3'

55 648 159 723 siccat,
183 658 360 728 certumque
382 667 436 730 per
451 650 630 729 praemissos
646 651 846 730 exploratores
866 649 969 712 babuit
991 654 1153 714 exercitum

82 733 241 796 llomanunr
265 735 342 796 circa
365 735 461 796 Arreti
485 735 601 796 moenia
624 754 698 796 csse.
744 737 875 798 consulis
903 736 1009 798 deinde
1032 738 1191 800 consiliat

81 827 159 898 alque
176 821 310 882 animum
321 829 351 881 et
362 820 450 882 situm
462 821 618 899 regionum
626 821 792 900 itineraque
804 829 834 881 et
845 821 945 902 copias
956 822 991 883 ad
1004 841 1152 885 commea·

81 913 121 964 tus
142 905 342 985 expediendos
365 914 394 966 et
416 913 522 978 cetera,
546 923 620 984 quae
643 924 789 984 cognosse
810 907 841 967 in
857 925 921 969 rem
944 916 1015 979 crat,
1037 926 1151 970 summa

81 991 172 1052 omnia
187 1008 257 1052 cum
271 1008 342 1052 cura
357 990 536 1068 inquirendo
553 991 779 1071 exsequebatur.
816 992 898 1072 regio
914 1001 977 1053 erat
999 993 1030 1054 in
1047 994 1151 1072 primis
1172 1007 1186 1055 a

44 1081 62 1130 to
80 1073 171 1136 ltaliae
193 1076 310 1148 fertilis,
334 1075 451 1138 Etrusci
474 1076 584 1156 campi,
608 1077 659 1155 qui
682 1076 820 1138 Faesulas
842 1077 922 1139 inter
942 1078 1152 1158 Arretiumque

79 1159 178 1234 iacent,
202 1161 345 1222 frumenti
369 1179 402 1221 ac
425 1161 541 1240 pecoris
564 1170 593 1222 ct
615 1161 749 1222 omnium
771 1163 856 1242 copia
877 1181 979 1224 rerum
1002 1163 1149 1243 opulenti;

80 1245 177 1307 consul
200 1247 284 1306 lerox
307 1245 343 1307 ab
367 1247 521 1308 consulatu
543 1248 642 1326 priore
661 1256 691 1306 et
714 1266 776 1307 non
799 1248 887 1308 modo
909 1247 1008 1326 legum
1031 1258 1082 1309 aut
1099 1261 1188 1328 pa-l

80 1339 149 1390 trum
174 1331 334 1392 maiestatis
361 1331 412 1392 sed
442 1350 480 1392 ne
502 1331 625 1392 deorum
655 1332 775 1410 quidem
797 1333 866 1393 satis
887 1342 1033 1394 metuens.
1073 1333 1150 1395 banc

80 1414 189 1476 insitam
217 1416 340 1496 ingenio
370 1417 434 1478 eius
467 1417 661 1478 temeritatem
692 1418 810 1477 lortuna
837 1435 982 1496 prospero
1013 1417 1150 1481 ciuilibus

39 1505 61 1556 u
79 1497 245 1580 bellicisque
267 1500 356 1563 rebus
378 1519 518 1563 successu
541 1502 661 1563 aluerat.
699 1502 799 1581 itaque
816 1503 887 1564 satis
908 1502 1070 1582 apparebat
1093 1516 1186 1565 neon

79 1583 143 1646 deos
165 1605 221 1648 nec
236 1587 374 1648 homines
397 1585 601 1648 consulentem
618 1588 867 1648 lerociteromnia
890 1605 924 1648 ac
946 1606 1147 1668 praepropere

78 1682 222 1746 acturum;
246 1688 365 1750 quoque
380 1671 506 1751 pronior
527 1681 604 1733 essct
618 1673 648 1732 in
673 1673 743 1733 uitia
757 1690 819 1744 sua,
842 1673 952 1752 agitare
968 1691 1036 1734 eum
1059 1682 1148 1753 atque

78 1755 192 1818 inritare
214 1757 334 1818 Poenus
356 1767 453 1836 parat,
483 1765 512 1818 et
540 1757 622 1818 laeua
646 1757 749 1818 relicto
776 1758 860 1819 hoste
882 1757 1020 1820 Faesulas
1043 1768 1148 1838 petens
1169 1772 1185 1820 6

78 1841 167 1902 medlo
190 1841 327 1902 Etruriae
349 1860 420 1920 agro
443 1843 614 1921 praedatum
641 1843 793 1922 profectus
821 1851 962 1921 quantam
992 1846 1147 1905 maximam

40 1931 60 1982 lt
76 1927 234 1988 uastitatem
250 1935 349 2006 potest
363 1927 501 1988 caedibus
516 1927 722 2007 incendiisque
741 1928 856 1990 consuli
879 1928 984 2008 procul
1007 1931 1145 1991 ostendit.

78 2009 246 2085 flaminius,
276 2013 326 2091 qui
356 2031 393 2073 ne
425 2012 524 2092 quieto
553 2012 670 2092 quidem
694 2013 778 2075 hoste
800 2014 863 2093 ipse
891 2014 1045 2092 quieturus
1072 2025 1182 2086 erant

78 2105 133 2157 tum
149 2115 231 2171 uero,
254 2107 411 2177 postquam
427 2116 474 2161 res
489 2099 638 2161 sociorum
653 2107 723 2161 ante
738 2099 842 2160 oculos
864 2117 958 2179 prope
981 2118 1051 2162 suos
1074 2100 1144 2161 lerri

78 2183 174 2261 agique
197 2184 280 2255 uidit,
303 2202 389 2244 suum
411 2184 439 2245 id
463 2185 591 2245 dedecus
612 2192 708 2258 ratus,
730 2202 786 2264 per
807 2185 932 2245 mediam
953 2185 1011 2245 iam
1032 2184 1145 2247 ltaliam

80 2269 170 2346 uagari
184 2268 318 2329 Poenum
342 2278 429 2349 atquc
452 2267 615 2331 obsistente
631 2270 714 2331 nullo
737 2269 772 2330 ad
794 2270 858 2349 ipsa
873 2269 1005 2330 llomana
1026 2271 1144 2331 moenia

42 2351 114 2411 ttire
136 2352 347 2433 oppugnanda,
377 2354 482 2416 ceteris
511 2354 649 2416 omnibus
678 2355 709 2416 in
741 2355 865 2415 consilio
892 2354 1030 2416 salutaria
1053 2356 1181 2434 magist

79 2454 158 2513 quarn
185 2439 318 2518 speciosa
347 2438 553 2501 suadentibus:
581 2439 723 2519 collegam
753 2440 983 2519 expectandum,
1014 2448 1048 2501 ut
1070 2458 1144 2500 con-

79 2522 177 2584 iunctis
198 2521 377 2585 exercitibus
400 2525 549 2586 communi
578 2525 677 2585 animo
704 2525 887 2603 consilioque
909 2542 972 2584 rem
993 2534 1143 2604 gererent,

79 2606 186 2668 interim
208 2610 341 2688 equitatu
369 2609 543 2688 auxiliisque
568 2610 678 2671 leuium
706 2627 857 2670 armorum
879 2608 916 2671 ab
943 2610 1035 2671 ellusa
1058 2619 1181 2689 prae-9

80 2692 158 2753 dandi
179 2694 297 2755 licentia
318 2694 433 2755 bostem
456 2694 670 2769 cohibendum,
699 2695 792 2756 iratus
813 2714 845 2756 se
866 2714 902 2755 ex
924 2695 1048 2757 consilio
1071 2713 1143 2774 pro·

45 2776 160 2854 ttripuit
179 2780 356 2858 signumque
379 2779 466 2841 simul
488 2780 602 2841 itineris
630 2798 810 2860 pugnaeque
838 2798 906 2843 cum
929 2780 1141 2860 proposuisset,

79 2854 172 2924 ‘immo
192 2865 290 2925 Arreti
313 2874 381 2925 ante
402 2864 519 2925 moenia
542 2856 709 2927 sedeamus’
731 2866 842 2945 inquit;
864 2857 924 2927 ‘bic
947 2867 1026 2927 enim
1049 2867 1143 2945 patria
1166 2875 1194 2926 10

82 2954 105 3003 et
125 2958 238 3027 penates
267 2959 346 3011 sunt.
392 2949 538 3011 Hannibal
567 2951 692 3012 emissus
721 2971 737 3012 e
766 2950 901 3013 manibus
928 2952 1144 3032 perpopuletur

155 3136 169 3185 t
191 3134 255 3185 circa
275 3140 294 3199 5
321 3134 347 3186 in
366 3134 432 3186 circa
452 3136 474 3186 Ρ
499 3135 524 3185 in
542 3134 679 3203 (statiuis)
703 3135 768 3186 circa
793 3138 912 3187 conicias
931 3135 940 3203 i
959 3139 973 3187 'l
993 3134 1034 3198 ad]
1053 3140 1079 3187 al
1096 3122 1146 3192 Pl

85 3200 279 3265 §expediendus
302 3200 349 3269 Pl
367 3206 420 3253 erat
443 3208 462 3267 5
488 3211 560 3254 erant
585 3203 629 3269 Pp
650 3206 680 3257 lll
706 3203 801 3255 lesulas
824 3203 870 3270 ΡΙΙ
890 3207 921 3257 12
946 3204 977 3254 ab
1002 3209 1021 3268 5
1047 3203 1078 3254 ad
1096 3205 1143 3270 ΡΗ

87 3268 110 3317 tt
120 3266 239 3335 aluerat5
264 3271 348 3323 luerat
360 3270 402 3339 Pu
417 3273 447 3323 ll
461 3270 536 3322 essed
548 3270 591 3337 ΡΗ
606 3274 636 3324 18
653 3271 749 3323 lesulas
767 3275 858 3336 petens
871 3272 906 3334 Ρ,·
924 3274 972 3321 out
990 3272 1142 3336 corruptela

86 3332 137 3385 latet
151 3342 196 3388 ant
212 3341 318 3389 munit
335 3338 447 3401 Liuiw
465 3352 479 3389 a
498 3338 603 3390 faesulis
625 3344 717 3405 petens
735 3339 834 3391 medios
851 3338 961 3392 etruriae
979 3352 1054 3405 agros
1072 3339 1096 3390 J.
1109 3340 1142 3391 H.

87 3399 138 3452 Vota
162 3420 175 3457 a
187 3406 205 3458 l.
219 3422 307 3460 senam
319 3407 365 3457 uel
377 3412 508 3459 cortonam
521 3406 673 3468 (ueletiam
684 3409 788 3472 urbem)
808 3413 900 3473 petens
912 3410 982 3459 coni.
997 3406 1142 3459 Wer‘ssenlr.

86 3470 126 3522 tl.
145 3488 186 3539 per
206 3474 306 3528 medios
330 3474 439 3526 etruriae
462 3488 537 3540 agros
560 3475 674 3526 Puteoba
701 3490 714 3527 a
739 3475 755 3526 l.
777 3474 918 3542 apscedcns
943 3476 1142 3526 Haaanmuellar

87 3534 137 3591 ‚llas
152 3540 229 3595 lllen.
249 3545 281 3597 18
299 3542 392 3606 (1863)
410 3543 462 3595 635
489 3541 595 3594 faesulis
613 3543 709 3595 cedens
726 3544 809 3594 liisen
825 3558 889 3595 ann.
905 3545 971 3608 pbil.
985 3544 1035 3595 127
1048 3546 1139 3606 (1883)

87 3600 134 3670 λ-Ἦ,
153 3610 198 3662 del.
216 3612 321 3663 Jordan
342 3611 352 3677 l
377 3612 408 3665 21
434 3626 466 3663 ne
488 3614 507 3675 5
534 3612 622 3661 necP
647 3614 656 3677 ll
678 3615 712 3665 24
735 3610 818 3678 adque
836 3611 886 3679 Pi
910 3614 942 3665 25
966 3612 1071 3663 salutari
1095 3608 1142 3677 ΡΙ

88 3672 111 3721 ll
125 3678 302 3732 cboblbendum
321 3680 363 3745 Pl}
377 3680 455 3731 iratus
468 3682 487 3743 5
513 3683 584 3729 ratus
600 3678 641 3745 ΡΙΙ
655 3682 688 3732 30
706 3679 884 3747 proposuisset
901 3680 963 3732 odd.
976 3680 1141 3743 Haemum

88 3736 178 3797 dedisset
194 3752 221 3811 5,
240 3762 289 3799 om.
309 3747 345 3809 P;
367 3749 448 3813 plura
470 3746 601 3798 eccidisse
619 3753 705 3799 emet
722 3748 832 3811 Madvig
848 3748 908 3798 Idm.
925 3746 985 3797 Liu.
1004 3747 1072 3807 285,-
1095 3761 1142 3809 pu·

89 3818 182 3879 illeque
197 3816 364 3881 pronuntians
378 3808 453 3883 ‘quin
471 3815 549 3867 inuno
568 3814 674 3879 Frigell
686 3815 697 3883 ΙΙ
709 3818 741 3868 32
760 3818 882 3880 pascales
900 3816 923 3866 Ρ

125 3901 194 3948 llulus
206 3904 237 3949 lll
972 3898 987 3945 5
