2734 4250
89 140 289 186 emenso
459 121 554 176 moen
571 121 678 187 xxvm
696 125 739 177 ee.
757 124 790 176 ao
842 163 861 194 .,
1102 120 1161 181 177

90 295 250 369 Octauius,
280 302 367 356 etex
388 294 511 374 priuatis
533 294 587 356 Cn.
610 293 755 356 Seruilius
778 293 886 376 Caepio
908 305 939 357 et
960 293 993 354 L.
1022 295 1164 358 Aemilius

88 382 129 443 Pa
150 399 197 442 us.

130 399 150 461 p
175 464 289 536 Quarto
311 462 426 524 decimo
446 480 528 524 anno
550 463 656 524 Punici
677 461 747 524 belli
770 463 803 524 P.
827 463 982 544 Cornelius
1004 465 1104 546 Scipio
1134 475 1164 527 et
1186 473 1214 526 12

89 550 122 611 P.
138 549 271 611 licinius
292 547 414 609 Crassus
435 555 470 607 ut
491 549 677 608 consulatum
700 547 841 623 inierunt,
865 550 1033 612 nominatae
1055 569 1165 614 consu·

53 645 70 695 o
90 635 168 696 lilius
183 632 356 714 prouinciae
370 641 450 705 sunt,
473 631 572 694 Sicilia
587 632 720 711 Scipioni
735 641 816 694 extra
838 641 958 709 sortem,
981 636 1166 699 concedente

92 719 214 798 collega,
236 717 304 796 quia
319 734 471 779 sacrorum
494 735 565 779 cura
586 717 758 798 pontilicem
780 718 938 782 maranum
961 720 991 780 in
1014 719 1096 781 ltalia
1118 739 1165 782 re·

91 803 221 877 tinebat,
243 802 349 864 Bruttii
374 801 487 864 Crasso.
531 812 594 864 tum
617 802 783 881 praetoriae
805 803 979 882 prouinciae
1001 804 1032 865 in
1055 813 1167 867 sortem
1188 812 1216 865 13

91 889 253 950 coniectae.
282 887 397 948 urbana
408 886 462 949 Gn.
478 886 606 949 Seruilio
621 887 736 966 optigit,
752 887 918 949 Ariminum
933 889 1030 950 -ita
1046 889 1167 952 Galliam

91 972 283 1053 appellabant
302 1005 345 1017 —
367 972 418 1050 Sp.
441 970 595 1043 Lucretio,
625 971 724 1032 Sicilia
746 971 778 1032 l..
801 972 940 1047 Aemilio,
964 973 1018 1036 Cn.
1042 973 1166 1036 Octauio

41 1070 70 1121 ιι
93 1056 238 1120 sardinia.
1205 1105 1208 1111 ,

179 1140 360 1203 Senatorio
383 1139 525 1220 Capitolio
547 1139 675 1202 habitus.
720 1140 760 1202 ibi
788 1115 936 1202 reierelrte
966 1142 998 1202 P.
1027 1143 1167 1222 Scipione
1190 1153 1219 1204 tt

94 1235 215 1289 senatus
229 1225 399 1288 consultum
414 1226 525 1287 iactum
547 1234 600 1297 est,
622 1233 665 1297 ut,
688 1243 763 1304 qrros
784 1225 871 1286 ludos
892 1225 971 1288 inter
992 1226 1169 1289 seditionem

94 1312 251 1373 militarem
273 1311 304 1371 in
326 1309 468 1390 Hispania
488 1309 696 1397 uouisset,·er
718 1328 750 1370 ea
772 1309 918 1389 pecunia,
941 1328 1029 1389 quam
1051 1311 1114 1391 ipse
1136 1312 1167 1374 in

97 1397 244 1458 aerarium
271 1394 439 1468 detulisset,
468 1395 588 1456 laceret.
632 1394 695 1455 'tum
714 1395 959 1473 ‚Saguntinorum
992 1396 1104 1476 legatos
1136 1398 1166 1458 in
1181 1399 1220 1458 83

42 1491 72 1542 tt
94 1491 230 1542 senatum
252 1479 424 1541 introduxit
467 1497 503 1540 ex
529 1479 573 1540 eis
600 1479 744 1540 maximus
774 1487 859 1540 natu:
884 1472 962 1541 ‘Etsi
992 1481 1065 1542 nihil
1092 1481 1168 1543 ultra

5 1570 6 1639 l
97 1567 242 1627 melorum
263 1573 323 1639 est,
352 1574 452 1644 patres
473 1563 651 1642 conscripti,
681 1581 770 1642 quam
792 1564 871 1643 quod
894 1565 972 1644 passi
995 1583 1114 1640 sumus,
1137 1575 1171 1629 ut

5 1644 6 1677 r
97 1651 131 1712 ad
146 1650 284 1712 ultimum
299 1649 387 1710 iidem
408 1647 495 1711 uobis
516 1659 743 1728 praestaremus,
766 1657 864 1710 tamen
888 1667 922 1710 ca
945 1661 1044 1713 oestm
1065 1652 1170 1713 merita

98 1737 370 1816 imperatorumque
391 1743 560 1794 nestrorum
582 1751 652 1811 erga
674 1753 731 1796 nos
751 1735 889 1808 luerunt,
911 1743 945 1795 ut
967 1754 1022 1797 nos
1044 1735 1170 1798 clodium

98 1829 269 1882 nocuerunt
284 1837 347 1880 non
362 1818 520 1897 paeniteat.
564 1818 674 1880 bellum
697 1826 819 1899 propter
841 1838 897 1880 nos
917 1821 1097 1902 suscepistis,
1120 1830 1208 1883 su·t

45 1916 78 1968 to
98 1913 233 1984 scapton
248 1913 387 1982 quartum
409 1903 555 1965 decimum
577 1921 689 1965 annum
712 1913 771 1965 tam
794 1904 985 1983 pertinaciter
1006 1906 1116 1986 geritis,
1138 1914 1172 1967 ut

100 2007 188 2068 saepe
202 1988 238 2050 ad
252 1988 388 2049 ultimum
411 1987 569 2050 discrimen
593 1997 624 2049 et
643 1989 700 2068 ipsi
723 1987 865 2050 ueneritis
887 1997 917 2048 et
936 1991 1081 2070 populum
1101 1991 1170 2052 Gar·

100 2074 316 2154 maginiensem
338 2071 529 2135 adduxeritis.
572 2090 640 2135 cum
661 2073 693 2135 in
716 2072 795 2135 ltalia
817 2081 877 2134 tarn
900 2081 984 2135 atrox
1012 2073 1121 2137 bollum
1144 2085 1174 2137 ct
1194 2082 1209 2134 3

102 2159 297 2220 Hannibalem
312 2158 427 2219 hostem
441 2158 599 2232 haberetis,
614 2156 769 2219 consulem
784 2174 852 2219 cum
867 2158 998 2219 exercitu
1014 2160 1044 2220 in
1066 2160 1171 2239 Hispa-

5 2263 6 2278 *
103 2246 181 2305 niam
203 2243 286 2304 uelut
306 2244 341 2303 ad
364 2243 554 2321 conligendas
582 2242 721 2321 reliquias
749 2242 894 2320 naufragii
923 2243 1016 2304 nostri
1044 2243 1172 2306 misistis.

49 2340 80 2392 tt
103 2329 134 2389 P.
149 2337 181 2389 et
194 2327 248 2389 Cn.
264 2326 404 2403 Cornelii,
426 2346 462 2389 ex
477 2346 538 2407 quo
553 2328 584 2389 in
606 2327 792 2407 prouinciam
814 2336 973 2401 uenerunt,
996 2328 1078 2390 nullo
1100 2338 1211 2390 tem-4

103 2431 177 2493 pore
191 2413 378 2486 destiterunt,
400 2430 476 2491 quae
492 2412 579 2475 nobis
593 2412 723 2475 secunda
739 2429 873 2491 quaeque
894 2412 1017 2473 aduersa
1040 2412 1174 2475 hostibus

5 2525 6 2534 ι
104 2498 214 2560 nostris
235 2506 352 2571 essent,
378 2498 485 2559 lacere.
527 2498 586 2559 iam
609 2498 741 2559 omnium
765 2495 893 2576 primum
916 2497 1057 2576 oppidum
1089 2499 1211 2561 nobiso

5 2573 6 2594 ¹
102 2583 309 2655 restituerunt,
331 2600 386 2662 per
400 2600 519 2643 ornnem
535 2582 703 2662 Hispaniam
720 2580 794 2643 ciuis
816 2590 936 2643 nostros
957 2600 1069 2643 uenum
1091 2583 1176 2645 datos

104 2667 232 2730 dimissis
254 2667 306 2745 qui
335 2667 562 2745 conquirerent,
591 2685 627 2728 ex
656 2666 801 2729 seruitute
830 2666 859 2727 in
890 2666 1056 2728 libertatem
1087 2668 1174 2729 resti·

5 2705 6 2798 l
52 2762 84 2813 so
105 2760 237 2814 tuerent.
282 2769 351 2812 cum
373 2751 429 2813 iam
452 2769 547 2832 prope
574 2759 667 2825 esset,
695 2760 730 2812 ut
758 2749 916 2831 optabilem
947 2770 983 2812 ex
1013 2752 1213 2813 miserrimae

105 2838 257 2899 fortunam
272 2834 460 2910 haberemus,
482 2836 515 2897 P.
531 2844 562 2897 et
576 2835 629 2898 Cn.
646 2836 776 2900 Cornelii
791 2836 985 2915 imperatores
999 2838 1091 2899 uestri
1113 2838 1176 2899 luc·

105 2923 222 2984 tuosius
237 2920 324 2983 nobis
338 2939 433 3001 prope
456 2939 544 3000 qoam
566 2922 652 2983 uobis
673 2922 838 3002 perierunt.
881 2930 945 2982 tum
966 2940 1040 2983 uero
1062 2921 1098 2983 ad
1121 2924 1213 2985 hoc't

105 3006 277 3068 retractior
296 3004 474 3067 distantibus
494 3005 568 3067 locis
589 3006 620 3067 in
642 3006 743 3068 sedem
765 3006 918 3085 antiquam
939 3005 1124 3083 uidebamur,
1147 3015 1180 3070 ut

175 3173 191 3223 3
209 3176 302 3238 quarto
319 3171 419 3224 decimo
436 3188 472 3223 aa
487 3176 580 3240 quarto
598 3171 698 3225 decimu
711 3172 744 3222 P¹
756 3170 766 3239 l
780 3170 861 3238 scipio
879 3175 914 3235 et]
932 3171 961 3236 P,
978 3172 1026 3223 aad
1041 3172 1139 3289 scipine
1150 3175 1180 3223 in

106 3255 206 3291 rasura
224 3242 300 3290 uocis
320 3242 473 3306 crasanslt
490 3255 515 3305 p.
534 3239 571 3289 Σ*
587 3239 647 3292 l.P
678 3238 1181 3308 utom.2¹15eiciliaeeseiieP¹fl

107 3309 123 3360 6
140 3321 271 3359 sacrorum
289 3322 349 3359 eura
367 3309 464 3360 Peura
482 3322 611 3360 sacrorum
679 3307 716 3374 17
738 3306 817 3359 brutti
836 3305 878 3374 Pl
893 3309 923 3360 13
942 3306 1058 3358 uouisset
1074 3322 1128 3357 ror.
1146 3323 1182 3358 aar

105 3375 235 3428 uoluisset
253 3374 293 3439 ΡΙ
308 3378 340 3428 13
357 3379 398 3427 est
414 3375 453 3425 Σ*
469 3389 498 3427 eo
514 3375 557 3442 ΡΙ
570 3373 681 3428 otP’ai⁴
700 3376 725 3427 oi
743 3373 798 3494 Pp
812 3376 940 3427 terrestre
954 3372 1076 3441 omffll
1090 3375 1181 3427 lilim·

107 3450 254 3508 perosorum
272 3445 333 3507 (ona.
351 3445 412 3510 que)
430 3443 467 3493 2¹
479 3443 490 3511 Ι
502 3449 532 3495 ot
548 3441 594 3506 Σ,
614 3458 666 3496 oen.
683 3442 725 3511 ΡΙΙ
739 3442 779 3508 gia
798 3443 851 3495 ium
868 3442 893 3492 P
907 3441 917 3509 l
937 3444 968 3493 13
986 3446 1129 3494 nostrarum
1146 3458 1182 3495 aar

5 3501 6 3526 ¹
108 3518 254 3563 noseorum
271 3510 304 3562 1³¹
322 3510 333 3578 Ι
352 3510 384 3563 22
407 3515 459 3562 tam
478 3527 529 3563 our.
547 3511 584 3561 2¹
597 3511 607 3578 Ι
620 3513 653 3564 23
676 3510 796 3563 consoles
814 3512 851 3561 2²¹
871 3507 881 3576 p
898 3511 931 3561 24
949 3507 980 3560 ad
998 3508 1043 3572 2³,
1067 3526 1118 3564 om.
1136 3512 1161 3562 P

108 3578 269 3645 colligendas
285 3579 311 3629 P
324 3578 496 3631 conciliandas
514 3580 552 3630 ΣΙ
569 3578 579 3646 l
597 3581 630 3633 23
647 3578 803 3632 destiterunt
820 3594 873 3632 rae.
891 3594 926 3628 ee
948 3575 1119 3630 destituerunt
1136 3580 1161 3630 P

108 3647 141 3699 23
159 3647 297 3699 restituere
315 3645 353 3696 ἕ
364 3645 375 3714 Ι
387 3648 417 3699 31
439 3647 566 3700 fortunam
585 3646 624 3697 Σ*
641 3647 744 3700 iortona
756 3644 798 3714 Pl
811 3644 1121 3712 comeliumperatoresP,
1138 3648 1185 3699 aed

106 3728 160 3833 aaa
168 3714 213 3833 bP*t
227 3716 329 3833 ναιριίιι
345 3715 354 3765 3
371 3719 475 3766 mutato
488 3715 543 3783 132
560 3730 641 3784 prope
658 3714 698 3767 2⁸
714 3729 818 3783 quoque
835 3713 877 3781 Pl
895 3714 927 3767 33
944 3711 1094 3767 uidebamur
1112 3714 1185 3766 ΡΨ

106 3796 133 3832 m
152 3796 167 3834 e
186 3796 244 3834 aot

162 3870 243 3916 cloto·
256 3871 284 3915 lv
714 3914 717 3921 ,
1000 3867 1031 3919 12
