2734 4250
209 135 270 194 144
591 132 686 186 LlBER
704 132 790 199 xxttt,
809 133 848 187 tt.
864 135 894 186 16
1156 150 1283 192 1111111

207 317 257 370 aut
271 307 417 369 beneficio
433 305 646 377 conciliandus,
661 304 719 367 sibi
734 304 931 385 adsumpsisse
946 322 1035 384 qnam
1046 303 1126 366 hosti
1145 302 1283 365 ademisse

208 395 314 462 lortem
336 410 372 453 ac
393 400 548 453 strenuum
565 390 668 451 maluit
690 390 813 464 socium,
836 389 1024 469 accitumque
1045 387 1081 450 ad
1103 408 1136 451 se
1158 387 1283 467 benigne

158 487 186 538 11
207 477 348 559 appellat:
370 477 479 537 multos
494 494 564 538 eum
578 474 697 537 inuidos
712 476 792 536 inter
812 474 964 554 popularis
978 473 1089 535 babere
1103 474 1174 535 inde
1189 472 1283 534 existi-

207 571 288 624 matu
304 562 389 623 lacile
404 579 478 635 esse,
494 561 574 640 quod
589 577 677 621 nemo
694 560 768 622 ciuis
781 559 913 621 Nolanus
927 558 984 621 sibi
999 558 1183 632 indicauerit,
1198 575 1283 638 quam

156 656 186 707 11
208 647 301 709 multa
315 647 379 709 eins
393 646 511 726 egregia
525 646 657 706 facinora
678 644 814 706 militaria
836 653 951 720 essent;
974 651 1021 705 set
1035 644 1086 723 qui
1101 643 1132 704 in
1148 642 1286 705 Romanis
1307 654 1317 703 1

208 732 379 793 militauerit
389 731 502 804 castris,
515 749 576 792 non
590 747 676 809 posse
685 728 841 791 obscuram
855 729 918 791 eius
929 728 1070 790 uirtutem
1082 746 1156 791 esse.
1179 729 1285 790 multos

209 816 275 888 sibi,
299 815 440 895 quicum
463 834 498 876 eo
521 814 666 895 stipendia
684 814 819 889 iecerint,
842 816 964 888 reterre,
988 814 1038 894 qui
1060 813 1108 874 uir
1130 822 1206 875 esset
1228 813 1284 885 ille,

209 918 344 979 quaeque
372 908 402 961 et
422 900 561 980 quotiens
588 899 720 978 pericula
748 918 803 980 pro
832 899 926 961 salute
952 917 987 961 ac
1014 898 1155 977 dignitate
1183 898 1285 977 populi

157 994 185 1046 11
209 986 335 1047 Romani
349 985 466 1058 adisset,
489 985 593 1064 ntique
609 984 759 1046 Cannensi
773 984 887 1064 proelio
904 1003 966 1045 non
984 984 1067 1063 prius
1082 1001 1183 1063 pugna
1196 982 1284 1045 absti-

208 1071 293 1141 terit,
324 1087 412 1147 quam
435 1087 530 1149 prope
552 1070 694 1148 exanguis
721 1069 808 1130 ruina
835 1069 1122 1149 superincidentium
1143 1068 1286 1139 uirorum,
1308 1078 1328 1129 11

158 1164 186 1215 11
208 1172 354 1235 equorum
368 1172 579 1234 armorumque
594 1154 633 1215 sit
647 1172 817 1234 oppressus.
843 1147 957 1233 ‘itaque
972 1163 1066 1215 macte
1077 1154 1189 1215 uirtute
1203 1142 1283 1227 esto'

209 1239 306 1319 inquit
325 1232 412 1320 ‘aput
432 1258 480 1300 me
501 1239 555 1300 tibi
579 1238 676 1301 omnis
698 1239 795 1300 honos
817 1246 905 1317 atque
928 1258 1017 1300 omne
1036 1238 1201 1318 praemium
1222 1238 1286 1309 erit,

157 1334 186 1386 11
207 1334 237 1387 11
252 1342 312 1403 qun
327 1325 514 1405 frequentior
529 1342 645 1385 mecum
663 1324 764 1398 lucris,
787 1324 897 1385 senties
919 1342 983 1385 earn
998 1341 1061 1385 rem
1084 1322 1138 1384 tibi
1152 1322 1288 1401 dignitati

208 1420 296 1489 atque
319 1410 521 1471 emolumento
543 1399 636 1483 esse’,
658 1409 796 1487 laetoque
811 1408 912 1470 iuueni
928 1408 1081 1488 promissis
1103 1425 1211 1487 equom
1228 1408 1286 1469 eni-

207 1495 301 1555 minm
322 1494 402 1556 dono
426 1495 490 1567 dat,
521 1493 695 1572 bigatosque
718 1493 898 1571 quingentos
923 1500 1107 1572 quaestorem
1131 1510 1287 1554 numerare
1307 1500 1328 1551 tt

208 1579 306 1655 iubet;
323 1579 477 1641 lictoribus
488 1579 622 1658 imperat,
637 1587 671 1638 ut
685 1596 754 1639 eum
769 1596 801 1639 se
816 1578 906 1653 adire,
922 1579 1060 1657 quotiens
1075 1577 1156 1650 uelit,
1172 1578 1285 1657 patian-

157 1671 193 1726 lt
211 1674 269 1726 tur.
302 1664 358 1725 hac
369 1664 507 1725 comitate
517 1663 647 1725 Marcelli
658 1663 767 1725 ferocis
782 1663 899 1724 iuuenis
914 1663 1031 1725 animus
1045 1663 1118 1724 adeo
1130 1670 1176 1724 est
1190 1662 1285 1723 molli·

208 1759 266 1824 tus,
288 1758 322 1811 ut
345 1767 432 1810 nemo
454 1748 524 1810 inde
547 1748 698 1810 sociorum
720 1766 782 1808 rem
801 1747 966 1809 Romanam
988 1748 1094 1810 lortius
1116 1766 1149 1809 ac
1172 1746 1286 1809 fidelius

208 1833 327 1894 iuuerit.

172 1927 187 1977 2
294 1917 368 1978 Cum
390 1916 539 1979 Hannibal
560 1916 596 1977 ad
619 1926 721 1997 portas
748 1924 826 1979 esset
850 1950 888 1960 —
911 1916 1015 1978 Nolam
1038 1917 1118 1977 enim
1145 1933 1251 1977 rursus
1272 1933 1287 1975 a
1307 1924 1330 1975 11

210 2001 336 2063 Nuceria
351 2001 444 2063 mouit
459 2011 553 2063 castra
575 2035 616 2045 -
639 2001 801 2082 plebesque
817 2000 928 2063 Nolana
944 2003 980 2063 de
998 2002 1115 2081 integro
1131 2001 1167 2062 ad
1189 2000 1286 2061 delec-

172 2096 188 2147 1
208 2087 320 2148 tionem
335 2094 493 2168 spectaret,
516 2087 672 2149 llarcellus
694 2085 749 2149 sub
773 2087 933 2149 aduentum
948 2087 1078 2150 bostium
1093 2086 1172 2148 intra
1187 2104 1288 2148 muros

210 2191 242 2234 se
264 2173 386 2253 recepit,
408 2191 470 2234 non
487 2172 590 2234 castris
611 2181 758 2247 metuens,
781 2171 832 2233 sed
852 2175 890 2232 ne
911 2173 1082 2252 prodendae
1096 2171 1181 2234 urbis
1203 2187 1287 2233 ocea-

171 2267 188 2317 4
209 2258 324 2320 sionem
339 2257 427 2319 nimis
450 2257 549 2319 multis
572 2257 602 2316 in
618 2275 683 2318 earn
698 2255 916 2318 inminentibus
930 2256 1021 2319 daret.
1058 2256 1165 2318 instrui
1181 2254 1286 2318 deinde

209 2344 359 2423 utrimque
374 2343 452 2404 acies
466 2351 599 2422 coeptae,
622 2341 826 2403 Romanorum
847 2358 903 2421 pro
918 2342 1076 2404 moenibus
1090 2341 1192 2414 Nolae,
1215 2341 1288 2401 Poe·
1308 2347 1330 2398 a

210 2447 318 2493 norum
333 2437 403 2489 ante
417 2435 512 2489 castra
526 2445 589 2488 sua.
627 2427 741 2506 proelia
756 2427 826 2488 hinc
843 2444 935 2506 parua
957 2427 1035 2488 inter
1050 2425 1156 2487 urbem
1178 2433 1286 2487 castra·

210 2532 268 2593 que
290 2521 320 2574 et
341 2512 424 2573 uario
446 2521 558 2573 euentu
581 2511 703 2585 fiebant,
725 2513 794 2591 qnia
811 2511 901 2574 duces
922 2530 978 2573 nec
992 2511 1154 2591 prohibere
1177 2528 1287 2591 paucos

209 2606 321 2658 temere
336 2597 539 2676 procursantis
552 2615 608 2657 nec
622 2597 692 2658 dare
704 2596 822 2676 signum
835 2597 995 2658 uniuersae
1008 2614 1127 2677 pugnae
1137 2595 1285 2658 uolebant.

172 2691 187 2740 1
209 2683 238 2742 in
262 2682 318 2742 bac
333 2681 478 2742 cotidiana
493 2682 550 2742 iam
566 2681 692 2742 duorum
715 2682 896 2743 exercituum
912 2681 1039 2743 statione
1061 2681 1215 2761 principes
1229 2680 1286 2740 No

171 2777 188 2825 a
209 2766 347 2826 lanorum
363 2765 503 2827 nuntiant
516 2765 655 2828 Marcello
678 2774 827 2828 nocturna
850 2766 1007 2845 conloquia
1030 2767 1108 2828 inter
1126 2765 1244 2846 plebem
1256 2781 1288 2823 ac
1305 2769 1331 2819 11

209 2851 328 2910 Poenos
349 2849 414 2910 lieri
435 2859 636 2930 statutumque
659 2869 733 2926 esse,
760 2859 801 2928 ut,
824 2869 892 2913 cum
914 2851 1048 2912 Romana
1069 2851 1148 2912 acies
1171 2865 1287 2931 egressa
1341 2853 1342 2868 ¹

209 2935 304 3013 portis
325 2942 426 3008 staret,
450 2936 651 3016 inpedimenta
677 2954 780 2997 eorum
803 2953 838 2996 ac
859 2935 990 2998 sarcinas
1011 2935 1186 3016 diriperent,
1209 2934 1287 2996 clau-

295 3117 420 3171 tlortern
443 3133 474 3169 ac
491 3122 605 3169 strenam
623 3119 656 3183 P,
677 3117 726 3169 aad
747 3117 839 3170 fortem
863 3132 893 3170 ac
916 3123 985 3169 stren
1007 3120 1037 3168 in
1059 3133 1114 3169 ros.
1135 3118 1288 3169 ruma

210 3185 432 3252 quamhostiadem
468 3188 483 3239 5
502 3186 619 3252 egraegia
638 3187 709 3253 Pllb
727 3185 881 3239 militauerat
898 3185 968 3252 Pii
987 3185 1102 3237 tecernnt
1115 3187 1139 3235 P
1171 3185 1232 3237 illae
1250 3183 1288 3248 Pl

211 3257 240 3306 11
260 3253 338 3305 sitP'
361 3253 438 3305 stiP¹
475 3255 507 3305 tt
524 3253 701 3319 promisissP¹
728 3251 915 3322 promisisfflll
931 3255 961 3307 lb
980 3267 1011 3306 ex
1028 3252 1139 3305 donoP
1173 3256 1204 3306 11
1224 3250 1286 3304 adeo

210 3325 250 3373 est
267 3321 302 3372 Ρ
328 3319 419 3375 adeost
436 3322 468 3371 Ρ1
487 3322 497 3388 Ι
516 3323 549 3374 111
571 3339 603 3373 ca
626 3337 707 3386 quom
730 3324 818 3388 recept
842 3323 975 3373 orationis
996 3321 1170 3373 distinctione
1187 3324 1218 3372 e'n
1236 3319 1287 3387 §3

209 3395 342 3456 receperat
353 3391 479 3454 11αεί111νί
490 3391 647 3441 obscurascit
659 3391 822 3454 Heauingem
839 3390 908 3440 milri
918 3391 1011 3455 potiar
1027 3392 1057 3440 ta
1074 3388 1131 3440 a'lb's
1148 3388 1180 3441 ad
1199 3393 1286 3456 portas

209 3462 280 3509 esset
302 3460 402 3508 uitium
426 3457 510 3508 tatere
531 3457 658 3520 afflatur,-
684 3460 734 3509 alii
755 3457 927 3524 distinguunt
949 3457 1056 3522 iuuerit,
1078 3472 1137 3509 cum
1160 3461 1187 3509 ot
1211 3453 1286 3515 tarra

210 3527 347 3589 spectaret.
373 3523 510 3576 ldarcellna
527 3524 582 3592 i²⁵
600 3526 676 3592 ntriq.
695 3527 720 3577 P
733 3525 742 3593 ΙΙ
755 3529 862 3594 coeptae
881 3539 1042 3578 romanorum
1060 3528 1080 3590 ς
1098 3523 1178 3576 Valla
1205 3537 1286 3576 roma·

210 3604 301 3640 norum
319 3595 427 3658 coeptae
450 3591 493 3657 Pp
509 3594 541 3645 28
559 3593 733 3659 procursantis
754 3597 851 3660 scalpri
872 3593 932 3645 Em.
949 3592 1011 3645 Liar.
1029 3593 1078 3646 18
1085 3609 1124 3658 aq.
1139 3593 1287 3659 maante
1341 3623 1342 3666 p

210 3663 390 3722 procurrentes
411 3659 632 3712 Drakenboreba'o
659 3662 788 3727 procantis
807 3660 839 3712 Ρι
863 3661 978 3728 rogantis
997 3661 1032 3712 Ρ·
1056 3661 1226 3728 prouocantls
1244 3655 1287 3722 §l
1341 3671 1342 3718 1

211 3723 369 3801 conplebant
385 3726 427 3790 1²¹,
445 3741 514 3778 corr.
532 3726 566 3778 1²¹
585 3725 595 3794 1
612 3730 645 3782 29
663 3728 791 3781 cotidiana
809 3728 860 3779 iarn
878 3726 1030 3790 Alschefski
1055 3727 1184 3781 cotidiana
1206 3727 1287 3780 Gran.
1341 3723 1342 3794 j

211 3789 308 3843 coditia
325 3792 376 3843 iam
394 3791 427 3843 Ρ1
453 3793 623 3846 comitialem
634 3793 690 3863 ΡΙ
705 3796 738 3847 31
756 3800 835 3848 staret
852 3798 908 3862 (eal
923 3796 949 3849 in
968 3797 1022 3850 acie
1036 3799 1127 3864 staret)
1141 3794 1287 3850 Wetuenb.
