2734 4250
12 119 13 188 l
88 162 223 207 scaen
480 146 575 200 unua
591 145 681 212 xxvi,
701 148 759 199 ae
1139 146 1159 204 9

87 319 183 399 Capua
194 318 287 381 duces
298 328 388 398 atque
400 320 547 380 exercitus
558 318 717 381 Romanos.
748 336 786 380 ne
798 317 1020 397 desponderent
1031 318 1160 395 animos;
1182 328 1197 380 8

86 404 239 466 tolerando
260 422 373 483 paucos
394 403 457 465 dies
479 412 571 466 totam
586 404 737 467 soluturos
752 403 947 484 opsidionem.
985 402 1054 465 inde
1076 404 1198 467 nauistt

86 490 252 552 indumine
268 489 416 551 Vulturno
438 488 660 569 conprehensas
681 488 778 569 subigi
801 487 836 549 ad
859 488 888 549 id
911 487 990 567 quod
1012 488 1068 549 iam
1090 497 1160 551 ante

86 573 223 655 praesidii
244 592 332 635 causa
360 575 471 637 lecerat
497 573 652 635 castellum
676 574 770 636 iussit.
815 590 941 653 quarum
968 573 1019 635 ubi
1048 582 1161 636 tantam
1184 584 1212 635 to

53 671 66 720 5
86 660 201 739 copiam
222 677 298 731 esse,
319 667 353 720 ut
373 677 435 720 una
457 668 547 720 nocte
568 658 652 720 traici
674 666 776 740 posset
793 658 948 733 exercitus,
971 658 1090 720 allatum
1106 670 1159 733 est,

85 744 202 806 cibariis
223 743 325 805 decem
348 744 463 806 dierum
485 744 667 825 praeparatis
689 744 828 806 deductas
857 754 945 805 nocte
974 742 1008 804 ad
1034 744 1158 806 fluuium

88 830 219 911 legiones
241 839 310 891 ante
332 828 427 890 lucem
449 829 575 891 traiecit.

168 913 200 975 ld
216 914 389 994 priusquam
407 914 501 988 deret,
524 914 564 976 ita
587 915 720 976 futurum
743 921 920 995 conpertum
943 932 978 975 ox
1001 914 1194 994 transfugisa

84 998 207 1061 Fuluius
229 998 353 1061 Flaccus
375 999 492 1062 senatui
515 998 637 1061 Romam
660 1017 730 1060 cum
755 999 937 1080 scripsisset,
966 1000 1047 1061 uarie
1070 999 1158 1061 animi

41 1094 66 1145 tt
84 1084 238 1146 bominum
253 1102 310 1165 pro
325 1084 469 1163 cuiusque
485 1084 607 1164 ingenio
623 1083 729 1146 adlecti
745 1093 824 1146 sunt.
861 1084 942 1146 utin
965 1103 998 1145 re
1019 1094 1078 1145 tam
1100 1094 1160 1146 tre·
1183 1093 1198 1145 2

84 1170 149 1249 pida
165 1179 272 1231 senatu
288 1168 435 1250 extemplo
451 1178 557 1231 uocato
575 1170 606 1230 Ρ.
622 1169 788 1243 Cornelius,
804 1168 852 1231 cui
867 1169 974 1230 Asinae
990 1187 1157 1250 cognomen

83 1265 153 1329 erat,
166 1272 273 1317 omnes
284 1254 374 1317 duces
384 1254 590 1333 exercitusque
602 1274 638 1316 ex
653 1263 715 1316 tota
727 1254 808 1315 ltalia
821 1272 920 1335 neque
932 1254 1049 1335 Capuae
1062 1272 1160 1334 neque

84 1339 170 1402 udins
185 1340 308 1401 alterius
324 1340 368 1401 rei
384 1358 497 1401 memor
512 1342 546 1401 ad
562 1339 645 1401 urbis
659 1339 837 1420 praesidium
854 1340 1029 1413 reuocabat;
1052 1338 1160 1401 Fabius
1180 1348 1196 1399 3

85 1424 227 1487 Maximus
255 1423 372 1486 abscedi
398 1441 414 1486 a
438 1425 536 1505 Capua
565 1424 730 1505 terrerique
758 1435 788 1487 et
816 1424 976 1503 circumagi
1005 1424 1040 1486 ad
1071 1436 1161 1487 nutus

41 1520 65 1569 15
84 1510 390 1588 comminationesque
401 1509 577 1572 Hannibalis
589 1510 764 1589 flagitiosum
777 1509 916 1571 ducebat:
933 1510 984 1589 qui
996 1510 1031 1571 ad
1045 1508 1162 1572 &onas
1182 1520 1198 1571 4

83 1596 179 1658 uictor
207 1594 253 1655 ire
280 1602 378 1655 tamen
408 1595 443 1656 ad
474 1594 578 1657 urbem
600 1612 690 1658 ausus
713 1612 774 1656 non
803 1602 895 1668 esset,
926 1612 994 1657 eum
1023 1614 1038 1655 a
1063 1595 1160 1677 Capua

83 1682 235 1761 repulsum
251 1697 335 1761 spem
346 1679 508 1759 potiundae
520 1678 603 1742 urhis
615 1680 726 1742 Romae
741 1678 878 1761 cepisse?
912 1699 972 1742 noo
989 1681 1024 1742 ad
1037 1679 1160 1741 Romam
1183 1690 1198 1740 5

85 1764 287 1840 obsidendam,
302 1765 353 1826 sed
368 1764 403 1825 ad
420 1763 536 1845 Capuae
554 1765 737 1827 liberandam
754 1766 939 1827 obsidionem
954 1766 1006 1827 ire.
1036 1764 1160 1828 Romam

85 1869 149 1912 cum
165 1869 204 1912 eo
220 1850 362 1923 exercitu,
378 1850 429 1929 qui
444 1849 480 1911 ad
494 1851 600 1912 urbem
615 1860 702 1926 esset,
719 1850 819 1912 louem
835 1852 987 1913 foederum
1004 1858 1161 1932 ruptorum

40 1942 66 1994 tu
84 1936 118 1999 ab
130 1934 300 1997 Hannibale
316 1941 420 1996 testem
436 1937 567 2015 deosque
583 1936 656 1998 alios
671 1936 846 1998 defensuros
861 1954 934 1998 esse.
965 1936 1017 1998 has
1032 1935 1164 1999 diuersas
1185 1946 1200 1997 6

84 2022 249 2083 sententias
270 2019 366 2082 media
387 2021 534 2083 sententia
550 2021 582 2082 P.
595 2019 702 2082 Valerii
717 2020 814 2083 Flacci
830 2021 910 2096 uicit,
934 2022 985 2101 qui
1007 2022 1162 2101 utriusque

84 2108 125 2169 rei
146 2123 266 2169 mernor
288 2105 527 2186 imperatoribus,
550 2106 601 2187 qui
623 2107 658 2169 ad
683 2104 811 2187 Capuam
833 2112 943 2180 essent,
970 2106 1162 2170 scribendum

84 2192 210 2267 censuit,
232 2190 303 2271 quid
319 2193 354 2252 ad
370 2191 476 2253 urbem
491 2192 629 2272 praesidii
645 2201 738 2266 esset;
761 2203 886 2272 quantas
901 2201 999 2254 autem
1016 2192 1163 2254 Hannibal

85 2279 183 2358 copias
215 2277 338 2338 duceret
364 2284 415 2338 aut
443 2285 554 2356 quanto
583 2278 716 2340 exercitu
745 2278 779 2340 ad
813 2275 942 2358 Capuam
971 2277 1161 2339 obsidendam

40 2367 157 2444 tenpus
180 2371 269 2436 esset,
293 2361 374 2442 ipsos
395 2361 480 2424 scire.
518 2364 543 2424 si
558 2363 597 2423 ita
613 2363 735 2424 Romam
752 2382 768 2424 e
784 2361 910 2424 ducibus
932 2361 1005 2423 alter
1027 2372 1057 2424 et
1078 2381 1163 2424 exer·
1185 2373 1200 2423 t

85 2449 157 2510 citus
180 2465 254 2528 pars
275 2447 352 2508 mitti
373 2456 483 2527 posset,
506 2457 540 2509 ut
553 2447 588 2509 ab
605 2449 720 2527 reliquo
736 2457 766 2508 et
780 2447 855 2508 duce
870 2457 900 2509 et
915 2447 1045 2509 exercitu
1063 2448 1162 2528 Capua

84 2542 163 2595 recte
186 2531 391 2612 opsiderctur,
422 2532 502 2594 inter
526 2552 559 2596 se
581 2541 790 2614 compararent
812 2531 950 2594 Claudius
971 2531 1163 2612 Fuluiusque,
1184 2543 1200 2596 8

84 2619 141 2679 utri
164 2617 330 2698 opsidenda
352 2615 460 2697 Capua,
483 2618 543 2679 utri
565 2617 602 2679 ad
624 2618 838 2700 prohibendam
862 2616 1017 2680 obsidione
1039 2617 1162 2698 patriam

84 2702 207 2765 Romam
230 2702 419 2763 ueniundum
441 2712 529 2764 esset.
566 2703 623 2764 hoc
645 2713 766 2766 senatus
789 2703 924 2765 consulto
944 2703 1071 2784 Capuam
1095 2713 1201 2784 per-9

40 2791 65 2844 m
86 2788 141 2850 lato
156 2789 193 2861 Q.
210 2786 337 2848 Fuluius
351 2787 523 2869 proconsul,
539 2788 596 2860 cui,
620 2789 731 2867 collega
749 2805 783 2849 ex
801 2788 926 2850 uulnere
942 2806 1039 2869 aegro,
1063 2789 1163 2869 digre-

84 2873 227 2937 diundum
250 2871 374 2933 Romam
404 2883 481 2946 erat,
511 2891 528 2934 e
556 2873 651 2935 tribus
677 2872 856 2935 exercitibus
877 2873 969 2935 milite
992 2874 1103 2949 electo,
1127 2875 1162 2936 ad

85 2959 257 3037 quindecim
287 2957 365 3018 milia
395 2958 544 3038 peditum,
575 2958 655 3020 mille
680 2959 795 3038 equites
817 2957 995 3020 Vulturnum
1026 2961 1162 3022 traducit.

85 3043 152 3105 inde
167 3061 239 3106 cnm
256 3041 451 3104 Hannibalem
468 3043 571 3105 Latina
588 3044 635 3104 uia
650 3044 761 3106 iturum
782 3045 853 3106 satis
876 3045 1078 3124 comperisset,
1101 3046 1164 3126 ipse
1187 3055 1215 3107 10

86 3147 137 3208 per
151 3128 267 3209 Appiae
289 3128 450 3208 municipia
472 3145 607 3209 quaeque
630 3137 755 3210 propter
774 3145 836 3190 eam
854 3129 931 3190 uiam
948 3139 1027 3203 sunt,
1044 3129 1162 3205 Setiam,

40 3217 66 3268 ⁸⁵
87 3211 200 3290 Gomm,
217 3213 375 3274 Lauinium
390 3213 552 3294 praemisit,
571 3223 604 3276 ut
618 3223 802 3276 commeatus
816 3221 933 3294 paratos
949 3224 979 3275 et
991 3214 1023 3275 in
1039 3213 1164 3276 urbibus
1187 3223 1213 3276 11

150 3349 167 3402 2
186 3360 286 3414 psueoe
304 3351 324 3411 ς
341 3361 431 3411 pacem
449 3345 519 3428 Ριθ
537 3346 623 3413 anblgi
641 3346 672 3426 ad
691 3346 717 3400 id
738 3345 818 3399 Gron.
837 3346 905 3411 (duci
919 3345 951 3397 ad
965 3345 990 3396 ld
1004 3345 1162 3428 Vallalnbi-

87 3413 169 3480 gladio
188 3415 261 3482 1²15
278 3419 356 3466 nocte
373 3417 400 3466 et
418 3420 490 3466 trsru
507 3415 579 3483 Ple
597 3429 682 3468 uanae
700 3413 741 3482 Pl
757 3415 787 3467 13
807 3414 839 3466 ad
856 3430 891 3466 ee
908 3413 1004 3494 rad-P¹
1017 3415 1026 3480 l
1040 3417 1071 3468 ld
1090 3429 1127 3467 tre
1144 3419 1163 3480 ς

87 3497 130 3549 yse
151 3499 206 3537 ras.
233 3499 270 3534 err
287 3488 344 3550 tyre
361 3481 403 3550 ΡΙ
418 3485 450 3536 ts
473 3491 613 3535 rumtornm
631 3483 672 3548 Pl
685 3485 715 3535 21
738 3483 781 3550 qui
799 3499 853 3534 ras.
872 3499 907 3533 eo
925 3481 1012 3562 qusqul
1032 3482 1075 3550 ΡΙ
1088 3484 1163 3536 utris·

88 3566 135 3617 qne
152 3551 197 3617 ΡΙ
209 3553 243 3604 23
261 3565 320 3631 ease
338 3555 448 3617 quantas
463 3551 506 3620 ΡΙ
519 3549 640 3631 hannibal
653 3567 688 3602 ese
700 3549 836 3602 hannibale
850 3550 881 3602 1³¹
894 3549 904 3618 ΙΙ
917 3551 949 3602 25
962 3555 996 3602 rte
1010 3550 1165 3613 Alschefski

89 3623 126 3669 ets
144 3622 167 3671 Ρ
199 3621 233 3672 2⁵1
254 3617 415 3699 opsideretnr
431 3633 484 3670 ras.
502 3636 538 3671 ex
555 3619 734 3686 opsidersntur
747 3617 788 3687 ΡΙΙ
802 3621 977 3698 campararent
989 3617 1030 3686 ΡΙΙ
1044 3621 1077 3673 30
1089 3620 1162 3688 qnin-

89 3690 127 3738 tns
144 3689 168 3738 Ρ
200 3699 279 3753 aegro
306 3685 499 3753 digrediundum
521 3687 708 3742 Weissenborn
731 3689 818 3753 (aegro
837 3685 1002 3752 gradiendum
1021 3690 1164 3740 Aseerssirss

89 3755 163 3874 1¹3¹?
172 3753 607 3893 'aggreditpndnrpds'niegrenpidnm
620 3753 818 3891 ffaflw
827 3753 937 3876 eundcpm
948 3754 1050 3837 Aldusll
1063 3757 1096 3810 32
1105 3755 1162 3810 mll-

246 3838 274 3876 se
297 3837 338 3874 arn
391 3858 398 3875 .
444 3840 486 3890 og.
504 3838 532 3876 ee
550 3838 601 3875 ram
737 3837 859 3876 annornm
908 3839 1017 3874 uranus
