2734 4250
96 153 115 187 a.
124 143 171 188 cnr.
180 145 217 187 212
474 128 568 182 LlBER
587 130 664 196 111111,
682 134 724 186 38.
737 134 770 185 39
1099 132 1160 190 289

94 300 229 363 incolumi
251 301 383 362 exercitu
406 319 466 362 non
490 300 652 364 sustinuit?
679 312 714 364 ut
742 302 902 365 diuidendo
925 305 1025 385 copias
1047 306 1162 385 periere
1185 316 1213 368 2t

93 386 180 448 duces
200 387 311 459 nostri,
341 386 379 447 ita
401 388 557 466 separatim
586 406 621 448 ac
643 387 730 450 diuisi
757 389 884 469 opprimi
906 400 1032 469 possunt
1054 392 1162 453 hostes.

93 471 145 532 alia
166 469 234 531 belli
255 471 378 551 gerendi
408 472 456 532 uia
478 472 559 533 nulla
581 481 634 534 est.
678 473 804 552 proinde
833 474 906 535 nihil
927 484 1045 554 praeter
1067 477 1163 538 noctis

93 556 240 635 pmximae
256 557 507 635 opportunitatem
529 565 729 637 expectemus.
759 560 798 619 ite
814 558 876 620 deis
890 558 968 621 bene
982 560 1163 635 iuuantibus,
1185 570 1214 621 21

59 648 74 697 5
93 658 214 720 corpora
236 649 347 716 curate,
373 649 406 702 ut
427 642 535 721 integri
557 642 753 721 uigentesque
774 644 877 705 eodem
899 645 998 706 animo
1021 646 1051 705 in
1068 655 1163 707 castra
1246 640 1248 648 ⁴
1287 656 1291 663 ‘

93 726 217 788 bostium
238 725 425 807 inrumpatis,
449 745 508 805 quo
530 736 628 788 uestra
650 728 738 789 tutati
761 720 847 791 estis.²

174 811 255 872 baeti
278 820 308 872 et
327 811 446 872 audiere
468 810 505 872 ab
527 830 608 873 nouo
630 812 705 874 duce
728 832 841 874 nouum
864 815 1029 889 consilium,
1053 825 1081 877 et
1104 834 1163 896 quo
1186 824 1214 875 tt

92 895 228 957 audacius
241 904 314 970 erat,
336 896 430 977 magis
444 896 586 975 placebat.
622 896 768 976 reliquum
791 898 848 960 diei
870 899 1061 979 expediendis
1075 901 1163 963 armis

94 992 121 1041 et
134 980 287 1043 curatione
302 1000 461 1061 corporum
477 989 698 1061 consumptum,
720 991 749 1043 et
767 983 862 1044 maior
877 1002 946 1063 pars
962 985 1057 1047 noctis
1072 985 1163 1063 quieti

50 1068 74 1121 to
92 1065 153 1126 data
174 1075 229 1127 est.
273 1075 376 1145 quarta
398 1065 498 1146 uigilia
520 1084 650 1127 mouere.
696 1076 782 1129 erant
806 1067 881 1128 ultra
903 1086 1046 1149 proxuma
1068 1074 1215 1131 castrabo

92 1169 139 1211 ser
159 1150 273 1212 milium
295 1150 453 1213 interuallo
476 1151 618 1213 distantes
639 1151 712 1213 aliae
734 1152 837 1233 copiae
856 1153 1035 1217 Poenorum.
1073 1155 1164 1217 ualles

93 1254 161 1297 caua
176 1236 328 1309 intererat,
345 1236 495 1298 condensa
509 1236 674 1298 arboribus.
704 1237 734 1297 in
750 1237 838 1299 buius
853 1238 944 1299 siluae
959 1239 1055 1299 medio
1071 1241 1163 1301 ferme

93 1321 183 1397 spatio
199 1320 307 1383 cohors
322 1320 454 1383 Romana
468 1330 532 1382 arte
546 1321 657 1383 Punica
673 1321 791 1383 abditur
808 1331 838 1383 et
853 1323 975 1401 equites.
1013 1325 1051 1384 ita
1067 1324 1163 1385 medio
1186 1334 1201 1383 1

93 1405 196 1466 itinere
218 1406 384 1486 intercepto
413 1414 529 1484 ceterae
559 1406 661 1485 copiae
689 1406 786 1467 silenti
809 1408 926 1485 agmine
955 1409 989 1469 ad
1013 1409 1164 1488 proximos

50 1495 74 1545 15
92 1490 181 1552 bostis
203 1490 309 1552 ductae
330 1498 375 1564 et,
405 1510 473 1553 cum
495 1492 582 1552 statio
608 1492 690 1553 nulla
719 1510 773 1572 pro
796 1494 891 1571 portis
913 1510 1010 1571 neque
1032 1494 1062 1554 in
1086 1494 1163 1555 uallo

93 1576 241 1637 custodiae
262 1584 377 1649 essent,
406 1576 488 1637 uelut
509 1576 539 1636 in
563 1594 613 1637 sua
635 1584 730 1638 castra
753 1578 835 1637 nullo
857 1595 980 1655 usquam
1004 1580 1166 1658 opsistente

92 1670 296 1739 penetrauere.
333 1661 402 1722 inde
417 1661 502 1739 signa
524 1669 637 1722 canunt
651 1670 681 1722 ot
696 1661 809 1723 tollitur
829 1662 949 1723 clamor.
985 1682 1055 1742 pars
1077 1665 1165 1726 semi·
1187 1672 1201 1721 t

94 1763 211 1809 somnos
234 1746 327 1807 bostis
348 1745 484 1820 caedunt
506 1763 577 1825 pars
598 1746 682 1825 ignes
704 1745 779 1807 casis
801 1755 962 1809 stramento
984 1748 1065 1809 arido
1081 1750 1166 1811 tectis

93 1830 228 1903 iniciunt,
250 1848 318 1909 pars
338 1840 440 1909 portas
462 1839 619 1911 occupant,
647 1839 679 1892 ut
701 1832 800 1911 fugam
822 1832 1028 1894 intercludant.
1066 1834 1201 1896 bostest

51 1916 76 1967 2)
94 1915 177 1976 simul
199 1915 280 1994 ignis
304 1914 414 1977 clamor
436 1915 540 1977 caedes
563 1916 644 1977 uelut
665 1916 807 1978 alienatos
828 1917 965 1979 sensibus
987 1936 1043 1979 nec
1064 1919 1166 1980 audire

94 2018 147 2061 nec
169 2000 330 2079 prouidere
352 2002 509 2079 quiequam
524 2000 636 2062 sinunt.
672 2000 808 2063 incidunt
826 2002 955 2063 inermes
977 2004 1056 2064 inter
1070 2015 1167 2066 cater-
1189 2014 1203 2063 5

94 2102 144 2147 uas
165 2095 358 2147 armatorum.
397 2084 444 2146 alii
466 2094 559 2147 munt
580 2086 616 2147 ad
638 2095 748 2166 portas,
770 2086 818 2147 alii
841 2088 990 2168 opsaeptis
1011 2088 1167 2151 itineribus

94 2189 181 2251 super
195 2170 307 2232 uallum
321 2170 445 2247 saliunt;
469 2178 499 2232 et
513 2179 546 2232 ut
559 2171 684 2250 quisque
704 2180 845 2242 euaserat,
868 2172 1006 2250 protinus
1022 2172 1056 2233 ad
1072 2183 1167 2234 castra

95 2255 182 2317 altera
205 2255 335 2335 lugiunt,
357 2255 408 2317 ubi
429 2255 465 2316 ab
487 2255 610 2317 cohorte
632 2264 662 2316 et
683 2256 834 2336 equitibus
856 2275 890 2317 ex
906 2256 1023 2318 occulto
1045 2275 1170 2336 procur·
1191 2269 1206 2318 6

50 2345 76 2395 aa
95 2340 230 2403 rentibus
256 2341 453 2402 circumuenti
475 2341 612 2418 caesique
640 2340 676 2400 ad
706 2359 800 2402 unum
823 2359 927 2402 omnes
949 2349 1035 2414 sunt;
1065 2354 1204 2421 quam-r

96 2442 190 2502 quam,
213 2424 329 2488 etiamsi
351 2426 416 2505 quis
435 2445 470 2486 er
486 2444 519 2487 ea
534 2427 624 2486 caede
646 2426 805 2504 effugisset,
829 2427 901 2487 adeo
917 2426 1023 2506 raptim
1044 2444 1060 2486 a
1076 2429 1168 2508 captis

96 2508 286 2591 propioribus
312 2511 416 2572 castris
443 2511 474 2572 in
498 2511 588 2571 altera
616 2519 821 2572 transcursum
852 2518 946 2572 castra
968 2510 1004 2571 ab
1028 2510 1168 2574 Romanis

96 2603 153 2668 est,
182 2604 217 2658 ut
241 2595 417 2674 praeuenire
438 2596 562 2656 nuntius
584 2595 673 2657 cladis
697 2614 756 2656 non
780 2605 889 2675 posset.
926 2594 966 2656 ibi
989 2615 1079 2670 uero,
1110 2616 1170 2676 quo
1191 2607 1206 2657 8

97 2677 212 2758 longius
235 2679 272 2741 ab
293 2679 379 2741 boste
400 2680 533 2754 aberant,
556 2690 586 2740 et
603 2680 670 2759 quia
694 2680 749 2742 sub
771 2680 867 2740 lucem
889 2680 1060 2760 pabulatum
1074 2682 1169 2761 ligna-

53 2767 78 2816 ³J
96 2772 216 2844 tumque
239 2773 270 2826 et
289 2765 462 2844 praedatum
492 2765 608 2844 quidam
637 2765 741 2844 dilapsi
764 2765 894 2837 lucrant,
923 2766 1054 2827 neclecta
1078 2768 1170 2846 magis

97 2851 191 2910 omnia
214 2867 251 2910 ac
272 2850 366 2911 soluta
389 2849 548 2923 inuenere,
574 2867 654 2910 arma
677 2859 791 2911 tantum
815 2850 843 2912 in
867 2850 1043 2913 stationibus
1065 2853 1169 2930 posita,

97 2933 201 2996 milites
223 2935 355 2996 inermes
376 2943 428 2996 aut
442 2934 523 2995 bumi
545 2933 682 2996 sedentes
702 2933 939 3013 accubantesque
961 2946 1012 2996 aut
1026 2936 1170 2998 obambu-

97 3017 187 3080 lantes
209 3027 280 3080 aute
303 3019 412 3081 uallum
434 3029 602 3099 portasque.
640 3037 707 3080 cum
731 3019 777 3080 bis
800 3027 857 3080 tam
875 3020 987 3082 securis
1009 3021 1171 3100 solutisque
1193 3031 1208 3080 9

98 3101 220 3166 llomani
252 3104 382 3167 calentes
409 3105 505 3166 adbuc
526 3104 562 3164 ab
586 3105 699 3165 recenti
726 3121 825 3183 pugna
852 3105 1024 3183 ferocesque
1047 3106 1171 3167 uictoria

56 3189 242 3265 asproelium
272 3189 386 3250 ineunt.
430 3189 530 3268 itaque
556 3206 743 3268 nequaquam
773 3189 868 3250 resisti
895 3190 925 3250 in
949 3190 1043 3270 portis
1064 3191 1171 3270 potnit.

183 3326 193 3375 1
216 3321 354 3375 diuidendo
372 3326 392 3387 ς
418 3321 529 3375 uidendo
547 3323 617 3386 ΡΗ
637 3323 729 3375 nostris
749 3323 789 3387 1³¹,
808 3337 878 3376 corr.
897 3322 982 3388 P'lll
999 3323 1113 3390 proxime
1131 3323 1172 3392 ΡΗ

100 3390 317 3457 opportunitatem
335 3407 370 3441 eae
388 3391 611 3456 oppugtunitetem
629 3390 682 3456 P¹ll
697 3393 712 3442 5
730 3389 822 3456 integri
842 3406 876 3440 em
893 3390 968 3441 interi
983 3391 1016 3441 P¹
1028 3390 1065 3456 11
1084 3391 1171 3443 audire

100 3458 126 3520 P,
143 3474 214 3511 corr.
227 3462 247 3523 ς
259 3460 270 3524 Ι
281 3457 417 3510 concilium
431 3459 473 3523 Pl
487 3461 516 3513 11
535 3457 642 3510 millium
655 3460 695 3520 Pl
712 3459 742 3510 tt
755 3457 1002 3510 condensnrboribus
1014 3460 1037 3509 Ρ
1047 3458 1056 3526 ΙΙ
1072 3462 1101 3512 13
1115 3475 1173 3528 spa-

102 3525 135 3576 tio
153 3525 283 3592 Sigonius
309 3525 387 3578 statio
406 3528 429 3577 Ρ
453 3527 546 3588 stolio,
571 3541 620 3578 om.
639 3526 740 3587 cohors,
757 3526 781 3577 J.
796 3525 826 3576 H.
840 3525 929 3594 Verrii
944 3529 976 3579 14
993 3528 1108 3592 agminae
1127 3529 1170 3596 Pil

103 3595 133 3643 to
149 3593 266 3646 custodie
279 3593 322 3661 ΡΙ
337 3595 365 3647 18
383 3593 466 3661 igneis
483 3610 537 3647 raa.
556 3611 591 3644 σω
607 3592 711 3661 signaels
725 3593 767 3660 ΡΙΙ
780 3598 906 3646 stamento
920 3591 961 3661 Pp
973 3595 1004 3647 ll
1018 3595 1042 3645 in
1056 3602 1171 3648 cateruas

102 3665 168 3716 coni.
185 3661 298 3727 Madvig
311 3660 400 3728 praefi
419 3663 459 3713 ed.
472 3661 510 3728 11
524 3664 557 3714 24
574 3660 605 3713 sd
624 3663 746 3714 cobortae
766 3660 852 3728 Ρ1126
871 3661 962 3728 raptim
981 3677 994 3713 a
1010 3662 1089 3715 Gron.
1117 3679 1173 3730 rap-

103 3729 152 3780 tina
166 3730 208 3796 ΡΙ
221 3731 304 3795 ceptis
321 3744 374 3780 ras.
393 3747 428 3780 eac
445 3730 536 3795 cepitis
548 3729 590 3796 ΡΙΙ
603 3731 634 3782 2¹1
653 3729 731 3781 altera
751 3745 804 3782 rar.
824 3746 858 3780 ex
876 3730 980 3780 alteram
996 3730 1038 3796 ΡΙΙ
1051 3732 1083 3784 29
1102 3731 1175 3783 lebu-

103 3794 180 3848 latnrn
200 3798 241 3863 1³¹,
258 3813 328 3849 corr.
348 3795 381 3848 Ρ
392 3797 402 3864 l
414 3797 606 3864 lignatumquee
626 3797 667 3864 Pp
679 3800 709 3850 31
731 3797 845 3849 inuenire
863 3797 1075 3863 praeostensis
1093 3799 1116 3848 P

155 3888 233 3932 Liuius
247 3888 276 3932 lll
991 3884 1021 3934 19
