2734 4250
102 190 125 225 a.
139 178 192 223 cler.
205 180 245 223 tte
514 162 607 217 unsa
625 162 704 230 XXX,
723 166 754 219 te
1111 163 1173 225 208

103 344 222 417 paratos
233 334 406 415 elephantos
421 335 568 416 extemplo
582 335 614 397 in
630 336 778 416 proelium
794 335 965 399 induxisset.
995 338 1175 417 adquorum
1196 350 1212 402 ¹1

101 421 260 483 stridorem
275 420 457 499 odoremque
471 431 502 482 et
520 428 672 503 aspectum
694 421 790 483 territi
812 422 881 501 equi
903 440 1016 485 uanum
1036 434 1174 503 equestre

2 553 3 561 ,
102 505 242 568 auxilium
266 506 411 567 lecemnt.
455 514 486 567 et
507 514 542 568 ut
561 505 734 585 permixtus,
757 506 809 568 ubi
830 507 952 588 cuspide
974 508 1017 571 uti
1040 517 1071 569 et
1091 526 1174 571 com-

101 590 202 652 minus
223 589 320 669 gladio
342 600 452 669 posset,
473 589 591 652 roboris
612 591 733 653 maioris
755 592 906 655 Romanus
928 611 1019 673 eques
1040 602 1112 668 erat
1135 594 1175 655 ita

66 688 82 738 1
103 677 133 737 in
149 674 278 737 ablatum
294 675 472 755 pauentibus
489 675 594 755 procul
609 676 694 755 equis
715 675 820 739 melius
841 696 878 739 ex
899 677 1056 740 interuallo
1071 678 1174 740 Numi·

103 762 157 823 dae
179 759 392 822 iaculabantur.
435 760 574 823 simulet
595 760 727 842 peditum
749 762 826 841 legio
853 761 1041 837 duodecima,
1069 780 1176 845 magna
1196 774 1211 826 8

103 865 139 911 ex
153 855 236 927 parte
256 862 350 920 caesa,
371 846 485 925 pudore
500 846 594 925 magis
608 863 697 925 quam
712 846 827 910 uiribm
840 846 961 909 tenebat
981 848 1095 922 locum;
1118 868 1175 911 nec
1195 859 1210 911 9

102 930 213 993 donus
227 931 381 1005 tenuisset,
404 930 435 994 ni
450 948 486 992 ex
500 930 638 993 subsidiis
653 932 738 993 tertia
752 932 876 993 decuma
889 931 967 1012 legio
989 933 1021 994 in
1048 933 1175 1013 primam

101 1016 194 1077 aciem
216 1015 337 1077 inducta
359 1015 505 1095 proelium
527 1015 649 1078 dubium
671 1017 844 1097 excepisset
888 1017 973 1097 llago
996 1035 1117 1097 quoque
1136 1038 1172 1081 ex

51 1112 80 1164 to
101 1098 240 1165 subsidiis
254 1099 352 1162 Gallos
372 1101 506 1181 integrae
529 1101 639 1181 legioni
654 1101 801 1183 opposuit
846 1101 954 1181 quibus
967 1102 1045 1164 baud
1062 1120 1171 1183 magno
1192 1113 1221 1165 to

102 1185 265 1249 certamine
276 1186 350 1248 lusis
364 1186 468 1248 bostati
483 1186 608 1266 legionis
622 1186 795 1249 undecimae
810 1186 992 1267 conglobant
1005 1204 1071 1249 sese
1085 1197 1174 1268 atque

102 1271 275 1351 elephantos
296 1271 352 1332 iam
375 1270 463 1332 etiam
485 1271 615 1351 peditum
644 1271 737 1333 aciem
765 1270 914 1335 turbantis
940 1271 1096 1334 inuadunt.
1139 1273 1171 1335 in
1196 1281 1225 1335 tt

103 1374 178 1436 qnos
193 1373 261 1417 cum
276 1355 335 1435 pila
349 1356 500 1418 confertos
515 1356 721 1430 coniecissent,
737 1356 819 1418 nullo
834 1358 927 1419 lerme
941 1358 1051 1418 frustra
1065 1357 1173 1419 emisso

104 1440 201 1502 omnis
229 1450 310 1503 retro
339 1441 370 1503 in
396 1440 488 1502 aciem
518 1457 641 1503 suorum
669 1451 861 1516 auerteruut3
890 1450 1030 1522 quattuor
1059 1442 1173 1523 musti

51 1536 79 1589 11
102 1524 277 1588 uulneribus
299 1536 494 1588 conruerunt.
532 1536 595 1587 tum
612 1526 740 1606 primum
762 1535 912 1589 commota
933 1526 1062 1589 bostium
1085 1527 1171 1602 acies,
1194 1536 1223 1590 tt

101 1610 189 1673 simul
204 1610 343 1672 omnibus
357 1610 518 1690 equitibus,
540 1619 573 1673 ut
587 1628 709 1675 auersos
730 1612 832 1674 uidere
854 1611 1038 1692 elephantos,
1059 1612 1097 1673 ad
1118 1632 1171 1675 au·

100 1695 232 1776 gendum
253 1714 396 1778 pauorem
418 1714 453 1757 sc
474 1695 633 1759 tumultum
656 1697 766 1759 ellusis.
810 1695 861 1759 sed
883 1697 980 1759 donec
1001 1697 1083 1759 stetit
1103 1707 1172 1761 ante

101 1781 187 1861 signa
218 1780 319 1859 lingo,
349 1781 471 1861 gradum
501 1781 610 1843 sensim
639 1781 802 1843 relerentes
830 1782 950 1844 ordines
978 1791 1009 1844 et
1035 1791 1172 1846 tenorem

102 1883 219 1946 pugnae
232 1864 407 1941 seruabant3
422 1875 579 1946 postquam
595 1866 704 1927 lemine
719 1868 859 1929 transilio
874 1868 1030 1930 cadentem
1045 1869 1170 1931 auferri·
1193 1876 1222 1928 ts

49 1962 80 2015 ut
102 1969 161 2031 que
182 1968 218 2013 ex
239 1950 354 2030 proelio
376 1968 471 2031 prope
493 1967 671 2029 exsanguem
694 1950 811 2025 uidere,
841 1953 987 2033 extemplo
1009 1953 1041 2014 in
1071 1954 1172 2033 lugam

102 2052 207 2097 omnes
220 2036 310 2099 uero.
346 2037 383 2097 ed
406 2036 538 2116 quinque
553 2036 631 2098 milia
654 2036 782 2098 bestium
804 2056 841 2098 eo
862 2037 909 2099 die
931 2055 1016 2099 caesa
1037 2048 1068 2099 et
1087 2039 1172 2119 signa

101 2120 236 2184 militaria
248 2120 307 2184 duo
319 2133 350 2184 et
360 2121 466 2201 uiginti
477 2131 570 2202 capta.
590 2119 795 2184 neellomanis
804 2121 959 2183 incruenta
969 2121 1094 2185 uictoria
1104 2124 1172 2185 fuit:
1196 2132 1225 2184 tl

101 2207 160 2268 duo
182 2207 261 2270 milia
283 2217 314 2268 et
333 2207 459 2269 trecenti
481 2205 518 2267 de
533 2207 664 2270 exercitu
679 2206 834 2285 praetoris,
856 2224 924 2285 pars
938 2207 1032 2268 multo
1047 2208 1173 2270 maxima

100 2311 136 2354 ex
146 2292 263 2370 legione
278 2291 461 2368 duodecima,
476 2291 589 2366 amissi;
604 2291 674 2352 inde
684 2300 715 2352 et
726 2290 838 2352 tribuni
850 2290 975 2353 militum
987 2291 1055 2366 duo,
1066 2292 1104 2353 bl.
1117 2292 1173 2354 Co·
1195 2300 1225 2352 15

47 2389 77 2440 tt
99 2377 221 2440 econius
232 2385 262 2440 et
273 2376 310 2439 ll.
322 2377 469 2454 lleeuius3
486 2376 588 2439 tertiae
599 2375 730 2438 decimae
744 2393 863 2455 quoque
877 2375 1014 2454 legionis,
1029 2393 1103 2455 quae
1118 2392 1169 2458 po·

99 2471 210 2526 stremo
226 2462 340 2544 proelio
354 2461 496 2536 adfuerat,
506 2461 538 2524 C.
549 2461 672 2523 lleluius
681 2459 822 2523 tribunus
832 2460 958 2522 militum
968 2461 1000 2522 in
1013 2461 1173 2524 restituen-

100 2548 137 2609 da
151 2566 252 2629 pugna
268 2547 389 2621 cecidit;
404 2556 435 2608 et
449 2546 508 2608 duo
523 2555 554 2608 et
568 2546 672 2627 uiginti
686 2546 781 2607 lcrme
795 2545 936 2608 inlustres
947 2545 1061 2625 equites
1073 2546 1174 2609 obtriti

100 2631 138 2695 ab
160 2632 325 2714 elephantis
346 2649 414 2694 cum
433 2631 660 2694 centurionibus
680 2630 792 2711 aliquot
813 2631 975 2712 perierunt.
1012 2639 1043 2692 et
1056 2631 1173 2710 longius

100 2726 251 2781 certamen
273 2716 386 2792 luismt,
408 2717 440 2778 ni
461 2717 586 2780 uulnere
607 2715 691 2779 ducis
712 2735 852 2780 concessa
873 2715 998 2778 uictoria
1018 2724 1106 2779 esset

170 2889 180 2938 1
203 2883 332 2953 extemplo
349 2883 422 2934 ΡΨ
444 2877 691 2952 er'p71.temploP¹ll
709 2887 725 2938 3
743 2884 882 2952 permixtus
899 2883 937 2935 ΣΙ
959 2897 1013 2936 rem
1033 2885 1173 2952 permixtos

100 2955 125 3006 P
139 2953 298 3005 intermixtus
315 2951 373 3004 Jac.
392 2951 473 3004 Gron.
494 2952 583 3005 turbae
601 2953 741 3019 permixtus
759 2953 847 3004 Maur.
864 2951 976 3003 Mueller
1000 2959 1098 3006 turmae
1115 2967 1173 3021 per·

101 3021 196 3073 mixtos
214 3019 323 3084 Madm'g
341 3019 381 3072 ed.
399 3019 417 3071 2
433 3017 499 3072 inter
517 3019 655 3087 permixtos
671 3021 743 3072 idem
760 3020 800 3072 ed.
819 3019 911 3084 liubi
924 3019 964 3070 ΣΡ
982 3020 1018 3073 oli
1034 3020 1077 3087 ΡΙ
1089 3026 1115 3073 et
1126 3020 1173 3086 ΣΡ,

101 3087 241 3209 popu
258 3085 1174 3221 11111111111111111111111111111

101 3171 252 3291 3111111111
271 3155 414 3288 exc'episbet
431 3222 471 3273 ΣΡ
488 3169 629 3290 οὲροῑίεεμᾴ
647 3223 694 3288 ΡΙ
711 3169 785 3287 magb
803 3169 963 3288 qnoquegl'*
982 3235 1110 3339 maqoque
1127 3173 1175 3292 111

103 3297 134 3348 11)
152 3293 250 3357 integre
268 3292 310 3359 ΡΙ
322 3290 459 3343 certamine
477 3291 543 3343 baad
563 3305 654 3356 magno
672 3288 775 3356 21111
797 3287 930 3340 undeclme
941 3286 975 3340 Ρ
988 3303 1022 3340 un
1041 3303 1120 3341 mame
1132 3291 1172 3355 P¹‚

98 3377 152 3414 ent
170 3360 209 3413 Σ*
242 3373 300 3412 sese
317 3355 390 3410 ΡΨ
405 3373 463 3411 esse
481 3359 581 3425 Ptin
598 3359 648 3410 iam
665 3373 720 3409 rae.
737 3373 773 3408 seo
789 3361 840 3408 um
857 3356 989 3420 Pletiam
1001 3356 1048 3421 ΣΡ,
1066 3373 1118 3408 om.
1132 3360 1172 3424 ΡΙ

99 3433 169 3483 seles
231 3428 312 3495 illd
337 3427 444 3494 primum
461 3431 481 3492 ς
497 3426 591 3478 Duker
612 3427 693 3492 prims
710 3425 769 3477 ΡΣ’
785 3423 796 3492 l
814 3427 847 3478 16
870 3425 1000 3491 equitibus
1022 3424 1173 3486 Alschefski

100 3499 231 3564 peditibus
248 3495 328 3558 Pz'tl
342 3493 430 3548 uidere
447 3495 487 3545 2¹
503 3495 579 3547 odere
597 3493 684 3613 qutd
702 3497 729 3546 et
746 3507 796 3548 ors.
813 3492 853 3543 ΣΡ
865 3491 875 3559 Ι
889 3495 920 3545 re
938 3491 1032 3544 lemine
1048 3494 1120 3544 ΡΨ
1136 3493 1173 3546 le·

100 3567 185 3619 minae
203 3564 235 3620 P¹
247 3563 257 3630 ΙΙ
270 3567 301 3617 21
321 3562 391 3615 milia
408 3578 463 3615 roe.
481 3579 516 3614 eoa
532 3562 611 3614 millia
656 3561 712 3629 l²⁴
729 3561 816 3613 nissi
833 3562 865 3612 Ρ·
883 3561 954 3613 missi
966 3559 998 3611 P¹
1010 3560 1103 3613 emissa
1115 3559 1174 3630 ΣἸ

100 3633 160 3686 inde
178 3641 206 3685 et
223 3634 262 3683 Σ*
278 3631 349 3682 iudet
366 3630 389 3681 P
404 3635 466 3682 onte
483 3647 537 3682 roe.
555 3630 614 3683 inde
630 3636 693 3697 poet
708 3645 761 3681 roe.
772 3628 784 3695 Ι
797 3626 951 3698 cosleonins
969 3630 993 3680 P
1024 3630 1057 3682 25
1073 3630 1173 3683 medius

99 3702 146 3754 ael
162 3699 270 3754 meduus
288 3697 327 3749 2²
339 3700 349 3761 ll
361 3697 479 3764 legionis]
492 3700 520 3763 P,
536 3699 608 3751 eeds
624 3702 654 3750 s‘n
671 3715 726 3749 rae.
739 3697 790 3748 litt.
803 3698 851 3749 bos
862 3697 873 3764 Ι
886 3699 917 3750 ll
930 3697 981 3749 dno
1014 3697 1054 3748 ΣΙ
1070 3696 1172 3751 ducenti

100 3771 192 3824 cerm
207 3783 251 3835 op.
271 3767 459 3819 Gerotbeaoolsl
475 3767 527 3817 Pie
543 3765 633 3819 liciter·
648 3782 675 3833 p.
693 3765 728 3818 27
744 3765 879 3832 liliustres
896 3765 998 3833 equites
1014 3765 1053 3816 ΣΡ
1072 3767 1174 3835 equites

99 3839 223 3892 inlustres
240 3851 295 3888 rae.
314 3851 350 3886 ec
366 3837 467 3903 equites
485 3835 617 3888 inlustrest
634 3833 675 3901 Pl
689 3835 722 3887 29
739 3833 813 3886 dacis
828 3832 901 3885 ΡΨ
918 3835 996 3886 doces
1014 3835 1045 3885 P¹
