2734 4250
181 108 245 167 264
574 105 667 157 LIBER
685 104 764 170 XXV,
785 106 870 159 18.19
1125 131 1145 162 s.
1156 131 1177 163 u.
1188 120 1259 162 em

180 290 245 343 tum
268 280 436 361 Campanus
462 278 618 359 increpare
646 277 797 339 mollitiam
829 276 1037 357 ignauiamque
1065 285 1147 339 etse
1169 277 1259 357 digna
1361 320 1362 349 ,

95 406 97 408 >
155 383 157 386 ·
182 366 292 447 probra
314 366 345 427 in
369 366 517 426 insontem
540 365 645 436 iacere,
668 362 843 442 hospitalem
859 363 974 425 hostem
994 362 1146 442 appellans
1167 362 1260 423 simu-

143 452 351 530 ttlantemque
374 468 513 530 parcere,
541 450 590 511 cui
618 448 692 510 sciat
720 467 821 528 parem
851 468 883 509 se
905 467 966 509 non
990 466 1064 509 esse.
1108 448 1260 528 siparum

182 536 310 618 publicis
332 534 502 597 foederibus
523 535 619 615 ruptis
641 534 786 614 dirempta
812 533 900 595 simul
921 542 951 594 et
972 533 1087 612 priuata
1109 533 1172 593 iura
1194 552 1261 595 esse

183 631 278 701 putet,
300 619 423 682 Badium
447 620 627 700 Campanum
649 619 683 679 T.
700 618 839 690 Quinctio
856 618 993 698 Crispino
1008 619 1142 680 Romano
1165 618 1261 697 palam
1285 628 1301 678 5
1362 647 1363 679 i

132 717 161 769 10
183 707 301 769 duobus
323 704 502 768 exercitibus
515 703 704 767 audientibus
718 704 892 766 renuntiare
907 704 1078 784 hospitium.
1116 703 1190 764 nibil
1204 703 1261 765 sibi

184 810 253 853 cum
275 811 310 853 eo
333 793 550 864 consociatum,
581 790 654 851 nibil
676 790 859 851 foederatum
889 790 965 851 boeti
992 807 1060 850 cum
1083 789 1180 863 hoste,
1211 789 1262 867 qui

181 895 264 939 snam
287 877 411 957 patriam
426 895 461 938 ac
475 883 599 956 penates
619 874 755 955 publicos
774 875 966 955 priuatosque
988 882 1193 953 oppugnatum
1208 892 1263 934 ue-

132 971 160 1023 11
183 962 284 1024 nisset.
321 964 346 1024 si
368 962 416 1024 uir
430 971 518 1035 esset,
540 961 782 1040 congrederetur.
818 960 869 1021 diu
887 968 1076 1021 cunctantem
1092 959 1262 1039 Crispinum
1363 1018 1364 1031 ,

184 1048 344 1127 perpulere
367 1047 516 1121 turmales,
540 1066 578 1107 ne
596 1046 710 1126 inpune
732 1044 875 1107 insultare
890 1046 1072 1125 Campanum
1094 1054 1265 1125 pateretur;
1290 1053 1318 1103 tu
1363 1048 1364 1057 ’

131 1142 162 1193 12
182 1134 282 1212 itaque
303 1140 418 1193 tautum
440 1139 581 1201 moratus,
604 1131 675 1193 dum
698 1132 892 1210 imperatores
907 1130 1085 1204 consuleret,
1108 1130 1265 1209 permitte·

183 1226 291 1279 rentne
319 1218 375 1280 sibi
405 1226 485 1278 cutm
514 1217 649 1278 ordinem
678 1216 710 1277 in
734 1225 947 1295 prouocantem
976 1216 1091 1277 bostem
1117 1233 1265 1295 pugnare,

184 1303 331 1384 permissu
353 1320 456 1364 eorum
485 1320 565 1362 arma
587 1302 667 1381 cepit
695 1320 865 1381 equumque
893 1301 1067 1362 conscendit
1088 1310 1117 1361 et
1138 1299 1264 1360 Badium

133 1396 161 1449 ta
184 1389 305 1449 nomine
321 1388 503 1468 'compellans
518 1387 553 1447 ad
570 1405 700 1466 pugnam
717 1387 863 1448 euocauit.
890 1386 968 1447 nulla
985 1404 1067 1446 mora
1083 1405 1098 1447 a
1112 1385 1265 1465 Campano
1364 1392 1365 1401 ’

184 1474 260 1535 lacta
283 1482 341 1549 est;
364 1473 479 1534 infestis
494 1472 578 1550 equis
601 1480 829 1534 concurrerunt.
868 1471 1021 1551 Crispinus
1041 1489 1131 1550 supra
1145 1479 1267 1532 scutum
1293 1477 1320 1529 1⁵

184 1559 339 1620 sinistrum
367 1575 503 1619 umerum
531 1557 621 1618 Badio
650 1558 732 1619 basta
761 1556 907 1617 transfixit
933 1575 1083 1637 superque
1110 1557 1265 1635 delapsum

186 1661 254 1704 cum
276 1642 402 1704 uulnere
425 1662 461 1703 ex
483 1661 560 1721 equo
584 1642 716 1715 desiluit,
750 1651 783 1704 ut
805 1643 895 1720 pedes
925 1642 1068 1703 iacentem
1092 1642 1267 1702 conticeret.

134 1737 164 1788 14
186 1728 301 1801 Badius,
325 1728 498 1807 priusquam
521 1728 747 1808 opprimeretur,
770 1745 870 1807 parma
894 1737 981 1806 atque
1000 1744 1076 1805 equo
1099 1725 1203 1788 relicto
1226 1727 1267 1787 ad

134 1821 163 1872 15
184 1831 255 1874 suos
284 1814 413 1891 aufugit3
443 1813 597 1893 Crispinus
626 1830 736 1892 equum
769 1830 909 1890 armaque
938 1820 1023 1892 capta
1052 1820 1081 1872 et
1110 1820 1268 1872 cruentam
1365 1874 1366 1877 ,

186 1897 339 1977 cuspidem
361 1898 486 1976 insignis
505 1897 607 1977 spoliis
622 1906 776 1959 ostentans
799 1916 866 1958 cum
883 1915 989 1975 magna
1012 1896 1096 1959 laude
1119 1905 1149 1957 et
1163 1906 1270 1976 gratu·
1291 1906 1322 1955 m
1365 1922 1366 1925 ¹

185 1982 295 2063 [atione
310 1982 435 2044 militum
451 1984 487 2045 ad
503 1983 642 2045 consules
657 1992 702 2043 est
716 1983 860 2044 deductus
875 1982 1068 2061 laudatusque
1086 1980 1128 2042 ibi
1149 1981 1267 2060 magni-

183 2069 240 2130 fice
262 2076 292 2131 et
312 2067 399 2131 donis
420 2068 556 2132 donatus.

133 2158 170 2215 19
271 2155 420 2215 Hannibal
448 2174 484 2216 er
513 2173 584 2234 agro
607 2153 819 2215 Beneuentano
850 2161 944 2214 castra
974 2154 1009 2215 ad
1039 2154 1166 2233 Capuam
1195 2171 1266 2214 cum

185 2240 336 2313 mouisset,
360 2240 447 2301 tertio
470 2249 537 2319 post
559 2241 614 2314 die,
637 2257 725 2318 quam
749 2239 843 2312 uenit,
866 2239 967 2319 copias
988 2238 1018 2300 in
1038 2239 1130 2300 aciem
1153 2237 1266 2312 eduxit,

148 2335 163 2386 2
184 2327 406 2405 hautquaquam
427 2324 543 2398 dubius,
570 2325 649 2404 quod
673 2324 829 2404 Campanis
857 2332 979 2403 apsente
1007 2343 1039 2386 se
1061 2341 1173 2405 paucos
1195 2332 1267 2383 ante
1289 2331 1319 2381 ta

185 2412 248 2473 dies
277 2410 407 2472 secunda
437 2409 541 2471 luisset
568 2427 683 2490 pugna,
712 2410 783 2488 quin
815 2410 906 2470 multo
936 2409 1034 2471 minus
1063 2429 1094 2471 se
1116 2425 1267 2487 suumque

147 2506 163 2555 a
183 2496 294 2557 totiens
309 2496 453 2556 uictorem
477 2496 638 2557 exercitum
653 2495 801 2556 sustinere
817 2495 945 2555 Romani
962 2502 1095 2575 possent.
1131 2503 1266 2554 ceterum

185 2592 342 2662 postquam
364 2581 491 2660 pugnari
514 2588 651 2660 coeptum
674 2588 728 2653 est,
752 2579 884 2658 equitum
900 2581 1023 2640 maxime
1039 2580 1171 2652 incursu,
1194 2597 1266 2638 cum

185 2667 289 2728 iaculis
304 2666 493 2738 obrueretur,
515 2665 667 2727 laborabat
682 2665 815 2726 Romana
831 2665 917 2740 acies,
932 2665 1028 2726 donec
1044 2665 1163 2743 signum
1178 2663 1264 2742 equi—

146 2761 163 2812 4
183 2751 263 2812 tibus
284 2751 385 2811 datum
407 2759 460 2824 cst,
483 2751 560 2812 utin
576 2751 691 2812 bostem
715 2750 903 2811 admitterent
925 2769 1027 2829 equos.
1063 2751 1103 2811 ita
1126 2757 1266 2828 equestre
1287 2757 1316 2807 att

185 2835 332 2915 proelium
356 2844 427 2910 erat,
455 2853 523 2896 eum
546 2836 651 2916 procul
673 2835 756 2897 uisus
778 2835 1013 2915 Sempronianus
1035 2835 1192 2908 exercitus,
1215 2834 1264 2896 cui

187 2919 240 2980 Cn.
256 2919 410 2981 Cornelius
439 2929 577 2998 quaestor
606 2928 755 3000 praeerat,
784 2921 902 2999 utrique
929 2921 1004 3001 parti
1027 2939 1128 3001 parem
1150 2929 1264 2980 metum

146 3019 163 3068 5
185 3004 330 3086 praebuit,
346 3023 385 3065 ne
400 3005 501 3066 hostes
517 3006 586 3068 noui
598 3007 803 3066 aduentarent.
830 3006 914 3067 uelut
929 3025 963 3067 ex
976 3006 1139 3086 composito
1156 3005 1263 3066 utrim-

186 3109 245 3169 que
266 3091 385 3170 signum
407 3092 541 3170 receptui
562 3092 671 3165 datum,
695 3091 867 3169 reductique
890 3091 920 3153 in
939 3099 1033 3153 castra
1056 3110 1150 3171 prope
1166 3109 1263 3169 aequo

186 3176 279 3237 Marte
301 3175 516 3248 discesserunt;
545 3177 646 3256 plures
669 3185 767 3237 tamen
799 3175 835 3236 ab
858 3177 999 3238 Romanis
1020 3177 1117 3256 primo
1140 3177 1264 3238 incursu
1286 3185 1315 3234 st

273 3381 286 3430 1
305 3377 430 3429 molitiem
451 3375 496 3444 ΡΙ
516 3378 532 3428 2
549 3377 576 3426 in
594 3380 621 3442 ς,
639 3393 690 3431 om.
710 3377 785 3444 Pllb
804 3381 822 3428 l.
841 3379 860 3441 ς
886 3377 903 3429 l.
923 3377 994 3444 ΡΙΙθ
1014 3376 1190 3444 Ιιοερίῑίυιιις
1216 3377 1262 3428 bo-

185 3447 262 3498 etium
282 3444 324 3513 ΡΙΙ
338 3449 352 3496 '1
371 3445 464 3497 hostiis
483 3460 540 3495 cum
559 3444 634 3497 hoste
653 3449 691 3510 P,·
708 3461 765 3498 esse
781 3451 843 3511 post
858 3446 931 3497 hoste
945 3446 1005 3498 odd.
1021 3446 1181 3511 Wesenberg
1194 3446 1203 3512 ΙΙ
1217 3447 1261 3512 qui

184 3529 257 3565 suam
274 3516 372 3579 scripsi
389 3513 448 3564 Em.
465 3513 526 3564 Lr'u.
539 3513 583 3563 ΙΙΙ
593 3515 626 3566 19
634 3531 672 3580 sq.
700 3513 798 3566 eumius
818 3516 842 3563 P
865 3514 938 3566 culus
957 3519 978 3576 ς
996 3513 1005 3580 ΙΙ
1020 3516 1050 3567 10
1070 3513 1196 3579 pertulere
1215 3513 1262 3578 ΡΙΙ

187 3584 218 3634 14
237 3597 266 3633 ac
284 3596 396 3646 pugnam
410 3582 452 3648 ΡΙΙ
467 3583 498 3634 16
517 3580 635 3634 siuistum
649 3583 691 3647 1²¹,
709 3597 778 3633 corr.
794 3580 848 3647 P²l
863 3581 939 3633 uadio
952 3581 996 3649 ΡΙΙ
1008 3585 1038 3634 ‘ll
1059 3581 1261 3646 militumillitum

186 3649 233 3710 P¹‚·
250 3649 366 3699 seeundo
385 3663 409 3699 m
428 3666 445 3700 a
464 3650 498 3699 P¹
515 3649 626 3701 inducta
644 3655 696 3713 est,
719 3654 745 3700 et
767 3650 919 3700 uenditum
937 3666 1029 3701 erasm
1046 3649 1200 3714 lconsulem
1221 3651 1263 3713 12¹,

186 3733 255 3768 corr.
275 3716 332 3834 1²1¹,ss
345 3719 377 3768 23
396 3723 575 3769 ueneuentenc
595 3721 620 3768 P
632 3719 641 3786 ΙΙ
654 3721 688 3772 32
706 3717 834 3770 cornelius
853 3734 887 3768 ec
905 3717 1020 3771 conelius
1039 3718 1071 3768 P¹
1084 3718 1094 3786 ΙΙ
1107 3719 1140 3770 35
1158 3717 1261 3770 desces-

183 3789 272 3836 serunt
