2734 4250
121 150 143 185 a.
158 138 209 183 mr.
222 138 261 183 noa
534 122 629 177 llltltlt
646 122 724 188 xxx,
742 126 776 179 tt
1129 124 1191 185 269

204 294 341 356 Nondum
372 294 408 354 ab
436 294 529 356 Roma
557 305 746 357 reuerterant
773 296 874 377 legati,
904 314 1002 376 neque
1033 298 1191 370 sciebatur,
1206 302 1246 359 26

118 398 196 460 quae
218 388 337 443 senatus
352 378 475 441 Romani
499 380 534 441 de
550 379 628 442 bello
643 390 695 443 aut
707 399 781 460 pace
794 382 943 444 sententia
957 392 1044 456 esset,
1067 384 1193 445 necdum

119 466 301 527 indutiarum
323 464 385 527 dies
406 464 534 540 exierat3
557 484 593 527 eo
614 466 812 544 indigniorem
835 467 972 529 iniuriam
987 477 1069 529 ratus
1083 469 1195 549 Scipio,
1217 478 1232 528 t

120 549 158 612 ab
180 550 227 623 iis,
250 550 300 629 qui
323 549 468 629 petissent
488 567 591 631 pacem
614 560 644 613 et
658 551 796 625 indutias,
819 561 850 614 et
869 570 951 633 spem
968 553 1048 632 pacis
1063 562 1093 615 et
1106 553 1193 617 fidem

80 651 96 700 t
120 635 301 697 indutiarum
328 633 467 695 uiolatam
497 653 576 709 esse,
606 636 719 715 legatos
746 636 953 715 Carthaginem
980 637 1015 700 L.
1042 637 1193 713 Baebium,

121 721 155 782 L.
171 720 317 800 Sergium,
341 718 374 779 L.
390 718 514 781 Fabium
536 721 684 802 extemplo
707 722 795 784 misit.
838 722 979 800 quicum
1001 723 1233 787 multitudinist

120 823 272 869 concursu
293 822 389 884 prope
411 804 511 866 uiolati
533 816 633 869 essent
660 824 717 868 nec
738 808 865 869 reditum
894 808 1034 870 tutiorem
1062 810 1196 871 loturum

121 899 292 964 comerent,
314 889 466 968 petierunt
487 908 503 951 a
517 891 745 969 magistratibus,
768 909 896 970 quorum
910 892 1018 954 auxilio
1033 893 1080 955 uis
1094 894 1196 974 prohi-

121 975 182 1039 bita
205 984 277 1047 erat,
300 983 335 1036 ut
355 992 448 1037 naues
468 975 629 1050 mitterent,
651 994 728 1055 quae
749 995 782 1038 se
803 987 1068 1057 prosequerentur.
1111 980 1197 1042 datae
1217 990 1233 1041 s

67 1076 99 1127 1⁰
120 1061 259 1123 triremes
281 1058 356 1121 duae
386 1076 453 1121 cum
480 1061 515 1122 ad
537 1060 700 1140 Bagradam
729 1062 839 1123 humen
868 1062 1088 1142 peruenissent,
1116 1065 1197 1126 unde

123 1156 220 1209 castra
243 1144 375 1207 Romana
398 1145 675 1224 conspiciebantur,
700 1145 906 1225 Carthaginem
931 1147 1054 1209 rediere.
1098 1149 1235 1213 elassiss

123 1230 237 1293 Punica
258 1230 293 1291 ad
310 1228 421 1291 Vticam
442 1230 598 1293 stationem
620 1231 756 1294 babebat.
800 1250 836 1293 ex
857 1250 892 1293 ea
913 1242 975 1295 tres
997 1233 1198 1312 quadriremes

122 1349 165 1361 -
180 1334 234 1379 seu
249 1314 324 1377 clam
340 1314 429 1377 misso
445 1333 462 1375 a
477 1315 651 1395 Cartbagine
667 1316 785 1390 nuntio,
801 1326 834 1379 ut
848 1318 878 1379 id
892 1318 986 1389 fleret,
1001 1337 1055 1379 seu
1066 1318 1198 1381 [iasdru-

125 1400 200 1475 bale,
224 1400 275 1481 qui
298 1398 382 1461 classi
405 1410 549 1479 praeerat,
575 1403 640 1463 sine
662 1401 781 1481 publica
803 1402 905 1463 iraude
926 1420 999 1465 suso
1019 1404 1135 1465 lacinus
1155 1438 1198 1451 -

72 1500 103 1552 to
125 1485 370 1565 quinqueremem
393 1484 555 1547 Romanam
583 1496 775 1567 superantem
803 1488 1045 1566 promunturium
1076 1507 1113 1550 ex
1141 1488 1235 1551 altot

124 1578 250 1652 repente
281 1570 436 1650 adgressae
465 1580 544 1633 sunt
595 1572 645 1633 sed
675 1589 773 1650 neque
801 1581 899 1634 rostro
928 1573 1017 1634 ierire
1050 1574 1199 1637 celeritate

125 1654 375 1718 subterlabentem
393 1663 534 1735 poterant
548 1674 646 1735 neque
662 1657 810 1719 transilire
823 1658 927 1720 armati
942 1676 979 1719 er
993 1659 1200 1722 humilioribus

126 1742 158 1801 in
182 1740 314 1802 altiorem
336 1758 453 1813 nauem,
476 1750 506 1802 et
527 1741 741 1804 defendebatur
760 1743 889 1823 egregie,
909 1745 1006 1823 quoad
1021 1744 1077 1807 tela
1091 1762 1201 1827 suppe-
1222 1756 1237 1805 t

127 1825 266 1887 ditamus
310 1824 377 1904 quis
399 1825 604 1889 deficientibus
624 1827 683 1887 iam
705 1827 786 1889 nulla
807 1829 862 1890 alia
883 1848 932 1890 res
945 1847 1010 1891 earn
1026 1848 1114 1909 quam
1129 1850 1201 1911 pro·

75 1923 107 1975 tu
127 1910 278 1991 pinquitas
303 1918 399 1972 terrae
429 1910 645 1992 multitudoque
668 1931 684 1973 a
714 1913 817 1975 castris
845 1915 874 1976 in
906 1915 975 1977 litus
1003 1916 1095 1978 ellusa
1122 1914 1200 1979 tueri

127 1996 233 2076 potuit.
278 1995 453 2057 concitatam
480 1996 558 2058 enim
581 1997 670 2059 remis
693 2008 805 2076 quanto
827 2000 954 2061 marimo
975 2001 1089 2079 impetu
1115 2010 1238 2082 pote-8

128 2091 196 2144 rant
217 2081 248 2143 in
274 2090 384 2142 terram
413 2099 480 2143 cum
502 2081 708 2156 immisissent,
738 2084 823 2146 nauis
844 2093 959 2146 tantum
986 2085 1098 2147 iactura
1125 2087 1201 2148 laets

129 2167 293 2229 incolumes
315 2166 371 2246 ipsi
400 2178 570 2230 euaserunt
613 2169 653 2229 ita
680 2167 738 2229 alio
767 2187 858 2246 super
886 2170 964 2232 aliud
994 2170 1106 2231 scelere
1134 2181 1239 2232 cume

129 2253 205 2316 haud
229 2250 318 2313 dubie
335 2251 464 2315 indutiae
479 2261 583 2332 ruptae
598 2263 706 2327 essent,
729 2253 845 2315 laelius
859 2253 1042 2332 Fuluiusque
1057 2255 1093 2316 ab
1107 2255 1201 2316 Roma

77 2350 107 2402 m
128 2355 196 2400 cum
222 2335 325 2414 legatis
348 2336 638 2416 Carthaginiensibus
666 2347 917 2418 superuenerunt
961 2337 1069 2418 quibus
1091 2340 1202 2420 Scipio,
1225 2350 1253 2400 to

130 2424 185 2485 etsi
208 2441 269 2484 non
292 2419 472 2484 indutiarum
495 2423 583 2484 modo
604 2423 676 2484 tides
704 2423 741 2484 ab
764 2422 1053 2502 Carthaginiensibus
1078 2425 1130 2487 sed
1156 2425 1203 2486 ius

130 2508 221 2570 etiam
246 2505 379 2586 gentium
402 2507 433 2568 in
456 2507 558 2585 legatis
580 2508 721 2569 uiolatum
743 2517 835 2580 esset,
863 2518 961 2571 tamen
989 2526 1022 2570 se
1046 2509 1119 2571 nihil
1146 2527 1203 2572 nec

130 2593 274 2655 institutis
295 2591 397 2672 populi
412 2591 537 2653 Romani
560 2610 616 2654 nec
631 2592 692 2655 suis
707 2592 841 2656 moribus
861 2593 1017 2672 indignum
1039 2594 1069 2655 in
1092 2594 1128 2656 iis
1143 2596 1203 2656 iac·

131 2686 231 2739 turum
253 2695 317 2740 esse
339 2694 405 2738 cum
428 2677 556 2751 dixisset,
578 2677 706 2740 dimissis
727 2677 830 2758 legatis
850 2677 960 2741 bellum
982 2678 1113 2758 parabat

78 2775 109 2826 aa
216 2759 373 2823 llannibali
402 2763 460 2824 iam
495 2772 591 2824 terras
623 2762 874 2844 adpropinquanti
902 2764 1000 2827 iussus
1031 2783 1048 2826 e
1081 2764 1207 2828 nauticis
1227 2772 1256 2825 tt

201 2898 213 2947 l
233 2898 392 2947 reuerterant
409 2893 488 2962 legati
505 2895 530 2946 Ρ
543 2894 621 2962 legati
639 2901 798 2950 reuerterant
813 2898 851 2949 Σ
864 2897 900 2966 13
919 2898 1073 2952 indutiarum
1085 2899 1156 2951 m·
1167 2899 1205 2950 in·

131 2964 237 3017 duarum
256 2962 288 3015 Ρι
301 2963 311 3028 i
322 2961 431 3015 necdum
449 2962 604 3016 indutiarum
622 2963 677 3018 dies
695 2967 792 3019 exierat
808 2971 841 3017 ut
856 2983 891 3018 aa
908 2983 966 3034 esp.
985 2968 1027 3034 24,
1040 2971 1073 3021 11
1090 2971 1204 3035 repetite

132 3033 183 3085 del.
200 3030 292 3084 Nabar
308 3031 433 3085 Haemos.
452 3034 467 3083 1
487 3031 578 3096 (18⁵2)
597 3033 648 3086 100
658 3051 697 3100 sq.
715 3035 725 3100 Ι
743 3035 825 3102 scipio
845 3034 917 3086 ΡΨ
934 3036 1016 3102 scipio
1036 3036 1205 3103 indigniorem

132 3117 250 3170 sumam
267 3120 337 3168 ntus
355 3115 436 3181 scipio
454 3116 487 3167 r·
505 3118 515 3180 ι
534 3101 585 3170 si.
603 3117 723 3170 saeorum
741 3119 765 3168 r
779 3132 812 3170 n.
831 3118 934 3169 sesiam
951 3119 989 3169 ι’
1000 3121 1040 3186 qo
1057 3120 1075 3172 ι
1093 3121 1204 3187 sapum

132 3201 170 3253 Σ*
192 3197 228 3253 Ε.
255 3198 385 3252 semilium
409 3187 503 3268 ΡΠ.
521 3202 584 3253 Pet
602 3202 618 3253 l.
637 3200 726 3267 >1¹19
743 3216 795 3268 que
812 3200 893 3267 Plse
909 3201 1031 3267 onam
1047 3206 1078 3255 10
1096 3203 1207 3255 triremis

132 3269 218 3338 Ρ111
238 3269 344 3320 romani
361 3267 449 3336 Plitt
467 3285 498 3321 ex
516 3271 580 3321 Pet
597 3283 629 3321 ex
646 3266 707 3336 2⁸!
723 3270 754 3320 ib
771 3269 936 3333 sbffitlnt
953 3268 1030 3320 idai*
1045 3269 1208 3337 ntiPlhas·

132 3336 239 3390 dmhale
256 3351 291 3387 aa
309 3334 487 3389 hasdrubalem
508 3337 536 3388 ΡΙ
583 3339 616 3390 16
634 3334 754 3403 adgresse
771 3337 818 3404 Pl
839 3335 1038 3389 feriremus
1058 3336 1208 3406 ierlretPl

134 3409 164 3458 Π
185 3403 402 3458 subterlabentem
420 3405 460 3456 >7³
478 3419 555 3472 super
566 3405 683 3457 abentem
703 3405 726 3455 P
745 3419 791 3456 sus
808 3403 1000 3471 praelabentem
1021 3403 1208 3457 Weissenborn

132 3487 179 3594 s
198 3471 429 3594 neem
442 3471 991 3609 ,mrem
1004 3471 1208 3607 seem

132 3541 158 3662 ii
172 3555 287 3674 §uffae
300 3606 342 3676 Pl
355 3610 386 3661 21
401 3610 486 3676 potuit
496 3557 751 3678 Diatmo.qpotent
763 3609 870 3663 Ortum
880 3610 1008 3678 potuisset
1019 3609 1077 3662 ΡΣ·
1088 3608 1100 3678 Ι
1111 3617 1207 3678 quanto

132 3677 204 3730 1⁸2¹
221 3679 318 3745 questo
335 3676 367 3727 Ρ1
391 3678 482 3745 quinto
498 3675 558 3745 Fi
577 3681 611 3732 tl
628 3677 721 3730 dubiae
737 3678 787 3744 ΡΙ
805 3680 838 3732 26
861 3679 910 3732 etsi
933 3682 984 3730 non
1002 3679 1037 3730 Ρ*
1059 3678 1107 3731 eisi
1125 3686 1158 3731 no
1174 3678 1208 3732 Ρ1

133 3746 211 3798 etlam
228 3745 251 3798 si
268 3759 301 3798 ne
319 3743 359 3795 2²
376 3744 386 3812 l
405 3745 482 3798 modo
499 3743 564 3798 lldes
583 3745 619 3797 2¹
639 3745 705 3798 tides
722 3745 799 3799 ruodo
816 3746 859 3814 ΡΙ
871 3746 904 3799 ab
922 3747 960 3798 Σ
976 3761 991 3799 a
1009 3747 1097 3816 ΡΙ3θ
1114 3762 1128 3799 e
1147 3761 1209 3800 neu·

133 3813 193 3868 tleis
210 3827 277 3866 unus
296 3809 402 3867 Crivier
418 3817 445 3880 (e
462 3813 572 3866 nauticis
590 3813 682 3881 Creu.)
699 3815 883 3869 enuticusunus
900 3816 934 3867 Ρ1
950 3816 1126 3869 enuticoslnns
1143 3816 1176 3867 Ρ
1193 3829 1209 3868 e
