2734 4250
178 148 200 206 4
582 142 675 197 blBEll
694 142 783 210 xllvl,
800 144 825 197 3.
844 148 860 197 4
1106 170 1126 203 a
1141 170 1164 202 u.
1180 170 1201 205 c.
1215 160 1255 205 5⁴3

137 333 156 394 Ι4
179 316 337 400 potuisse?
370 336 432 379 non
462 336 495 379 se
523 317 623 397 inopia
652 325 835 379 commeatus
862 316 893 378 in
925 316 988 378 loca
1010 316 1112 395 iniqua
1136 316 1256 378 incaute
1363 318 1364 331 ¹

179 404 356 477 deductum,
391 421 452 465 non
480 402 599 482 agmine
629 402 816 481 inexplorato
845 410 965 465 euntem
989 401 1104 463 insidiis
1125 402 1255 463 circum-

180 498 321 563 uentum;
344 488 375 550 ui
397 498 513 568 aperta,
537 488 642 560 armis,
665 487 727 549 acie
749 488 872 549 uictum.
916 504 973 547 nec
995 504 1117 549 suorum
1140 487 1257 547 animos

87 575 89 578 ’
180 593 238 636 nec
266 575 397 636 bostium
426 574 457 635 in
488 581 634 653 potestate
661 571 816 635 habuisse:
848 590 936 634 suum
965 573 1073 651 cuique
1102 572 1256 650 ingenium

143 659 331 723 aaudaciam
360 667 412 720 aut
438 675 582 738 pauorem
608 658 716 719 lacere.
760 656 805 719 bis
827 668 873 719 est
894 665 1049 719 accusatus
1071 656 1296 736 pecuninqneo

180 744 380 823 anquisitum
403 743 501 817 tertio,
524 742 650 805 testibus
665 743 749 816 datis,
771 760 849 815 cum,
871 742 1171 823 praeterquamquod
1188 760 1257 803 om·

182 829 271 891 nibus
288 828 408 909 probris
426 826 616 901 onerabatur,
638 828 726 889 iurati
740 826 880 908 permulti
896 828 1038 903 dicerent,
1060 828 1147 907 lugae
1161 845 1258 907 pauo·

143 928 160 977 o
180 916 281 994 risque
303 914 420 996 initium
443 932 459 974 a
483 922 621 993 praetore
643 923 752 985 ortum,
774 913 809 973 ab
833 932 869 975 eo
892 913 1025 975 desertos
1047 912 1164 984 milites,
1187 930 1257 974 cum

181 1000 260 1062 baud
283 1016 393 1061 uanum
416 998 555 1059 umorem
577 999 661 1060 ducis
680 998 847 1071 crederent,
870 1007 951 1078 terga
968 998 1093 1073 dedisse,
1115 1006 1196 1059 tanta
1212 998 1258 1059 ira
1363 1066 1364 1069 ,

146 1099 160 1148 r
182 1103 306 1148 accensa
329 1094 383 1157 est,
405 1093 439 1146 ut
460 1084 556 1163 capite
578 1083 798 1162 anquirendum
814 1084 915 1145 contio
930 1084 1134 1146 succlamaret
1167 1083 1204 1145 de
1220 1102 1258 1145 eo
1282 1092 1314 1143 10
1363 1094 1364 1103 ¹

183 1188 303 1250 quoquc
325 1187 438 1231 nouum
460 1179 610 1231 certamen
633 1179 748 1233 ortum:
772 1186 841 1230 nam
863 1187 932 1231 oum
946 1168 992 1229 bis
1006 1170 1133 1248 pecunia
1148 1169 1257 1248 anqui-

145 1266 161 1318 8
182 1256 277 1329 sisset,
301 1254 388 1317 tertio
411 1253 516 1333 capitis
537 1272 570 1315 se
592 1254 751 1333 anquirere
774 1254 893 1329 diceret,
916 1253 1029 1315 tribuni
1044 1253 1140 1339 plebis
1154 1254 1258 1334 appel-

183 1340 233 1402 lati
256 1340 397 1419 conlegae
420 1347 569 1417 negarunt
590 1358 622 1400 se
644 1340 675 1400 in
699 1357 781 1401 mora
804 1358 882 1407 esse,
906 1356 965 1417 quo
988 1340 1104 1411 minus,
1127 1338 1206 1417 quod
1229 1340 1258 1400 ei
1363 1354 1364 1357 ’

182 1444 267 1487 more
281 1425 427 1486 maiorum
443 1424 619 1504 permissum
631 1432 718 1498 esset,
734 1443 786 1486 seu
802 1423 917 1502 legibus
931 1442 984 1486 seu
999 1424 1133 1485 moribus
1148 1423 1258 1497 mallet,

184 1511 374 1590 anquireret,
397 1509 495 1587 quoad
517 1509 567 1571 uel
588 1509 693 1589 capitis
716 1509 763 1571 uel
785 1509 929 1588 pecuniae
951 1510 1109 1571 iudicasset
1130 1510 1259 1588 priuato.
1284 1518 1316 1569 ta

109 1627 113 1636 ·
146 1607 161 1657 9
182 1608 245 1657 turn
258 1594 455 1674 Sempronius
469 1593 681 1673 perduellionis
696 1612 727 1655 se
742 1594 872 1656 iudicare
887 1593 941 1655 Cn.
954 1593 1060 1656 Fuluio
1076 1594 1148 1655 dixit
1163 1594 1258 1656 diem-

134 1692 162 1741 to
183 1699 242 1760 quc
264 1679 391 1740 comitiis
413 1677 451 1740 ab
474 1678 506 1740 C.
522 1679 683 1760 Calpurnio
703 1687 841 1759 praetore
857 1678 972 1741 urbano
987 1679 1081 1759 petiit.
1118 1679 1187 1741 inde
1202 1680 1260 1741 alia

184 1783 253 1845 spes
273 1764 311 1825 ab
334 1781 386 1824 reo
408 1772 549 1844 temptata
571 1773 624 1837 est,
646 1766 671 1826 si
687 1764 788 1827 adesse
802 1764 834 1825 in
850 1764 959 1825 iudicio
975 1766 1010 1835 0.
1026 1764 1150 1827 Fuluius
1166 1766 1261 1825 frater

184 1859 294 1930 posset,
317 1849 429 1910 florens
450 1858 512 1910 tum
535 1860 566 1910 et
583 1850 658 1910 lama
681 1867 781 1911 rerum
803 1857 951 1929 gestarum
973 1859 1003 1912 et
1016 1851 1186 1930 propinqua
1204 1868 1260 1929 spe

133 1944 162 1996 lt
176 1935 302 2014 .Capuae
323 1933 494 2013 potiundae.
529 1934 558 1995 id
580 1952 648 1995 eum
671 1952 726 2014 per
744 1934 855 1996 litteras
870 1934 1076 1997 miserabiliter
1090 1953 1145 2014 pro
1160 1936 1261 1996 fratris
1285 1943 1316 1995 θ]

186 2019 283 2098 capite
305 2018 431 2097 scriptas
451 2020 573 2099 petisset
593 2019 728 2093 Fuluius,
751 2029 969 2099 negassentque
990 2028 1090 2099 patres
1111 2038 1128 2081 e
1149 2038 1183 2081 re
1201 2038 1260 2099 pu·

134 2114 163 2167 12
184 2104 261 2168 blica
284 2124 350 2167 esse
371 2103 489 2166 abscedi
511 2104 650 2184 aCapua,
673 2112 832 2185 postquam
854 2104 916 2167 dics
938 2106 1126 2169 comitiorum
1148 2105 1260 2178 aderat,

186 2191 240 2253 Cn.
253 2190 377 2252 Fuluius
406 2189 555 2251 exulatum
578 2190 756 2269 Tarquinios
781 2191 860 2252 abiit.
904 2191 933 2252 id
956 2191 984 2254 ei
1006 2191 1116 2254 iustum
1140 2191 1260 2253 exilium

185 2294 250 2338 esse
273 2276 361 2338 sciuit
381 2273 476 2355 plebs.

150 2365 170 2420 4
271 2361 354 2422 lnter
380 2361 455 2422 baec
476 2360 523 2422 uis
544 2363 642 2421 omnis
663 2360 733 2422 belli
757 2379 844 2422 uersa
866 2361 896 2422 in
920 2361 1051 2441 Capuam
1072 2371 1152 2438 erat;
1180 2360 1261 2424 obsi·
1287 2371 1318 2421 25

186 2445 311 2508 dabatur
338 2455 439 2507 tamen
468 2445 566 2506 acrius
594 2463 682 2525 quam
712 2445 955 2526 oppugnabatur;
989 2466 1046 2509 nec
1074 2457 1125 2510 aut
1152 2447 1261 2509 famem

186 2531 313 2592 tolerare
335 2531 455 2592 seruitia
479 2548 513 2591 ac
534 2529 620 2609 plebs
640 2539 780 2610 poterant
793 2541 845 2594 aut
858 2532 974 2593 mittere
991 2533 1112 2595 nuntios
1126 2531 1163 2593 ad
1178 2531 1261 2594 Han-

150 2616 316 2679 2nibalem
345 2633 401 2696 per
427 2615 577 2677 custodias
597 2623 658 2676 nm
679 2625 766 2678 artas.
811 2617 952 2680 inuentus
974 2627 1017 2680 est
1039 2617 1181 2692 Numida,
1209 2617 1262 2696 qui

186 2701 315 2782 acceptis
344 2700 451 2762 litteris
479 2718 637 2762 euasurum
659 2719 693 2762 se
715 2702 866 2780 professus
889 2711 1052 2781 praestaret
1072 2702 1262 2784 promissum.

186 2804 242 2866 per
263 2785 359 2847 media
377 2785 511 2846 Romana
533 2795 627 2847 castra
651 2796 740 2848 nocte
762 2805 899 2866 egressus
921 2807 1004 2867 spem
1026 2788 1163 2848 accendit
1176 2787 1263 2848 Cam·
1287 2797 1322 2848 att

186 2871 282 2950 panis,
296 2871 367 2931 dum
383 2869 493 2949 aliquid
508 2870 617 2933 uirium
632 2881 810 2951 superesset,
827 2870 863 2933 ab
880 2875 961 2934 omni
977 2883 1061 2954 parte
1072 2873 1263 2953 eruptionem

151 2965 166 3015 a
187 2954 361 3035 temptandi.
407 2964 539 3017 ceterum
568 2956 599 3016 in
621 2956 723 3018 multis
746 2958 957 3021 certaminibus
979 2958 1127 3039 equestria
1149 2956 1264 3038 proelia

187 3041 281 3101 lerme
296 3058 442 3120 prospera
457 3040 613 3113 faciebant,
631 3042 730 3121 pedite
745 3042 970 3122 superabantur.
1007 3045 1058 3108 sed
1075 3060 1264 3122 nequaquam

187 3136 245 3188 tam
274 3125 386 3187 laetum
413 3125 537 3188 uincere
559 3143 647 3205 quam
669 3126 754 3188 triste
776 3127 855 3191 uinci
878 3129 936 3191 ulla
959 3139 1043 3210 parte
1065 3136 1128 3190 erat
1148 3127 1187 3190 ab
1209 3145 1264 3208 op·

258 3280 270 3329 1
291 3277 408 3344 potuisse
422 3282 443 3340 ς
457 3275 538 3328 Gran
553 3277 680 3342 potuisset
689 3277 714 3326 P
723 3275 733 3344 ll
745 3280 904 3330 commentus
914 3275 951 3346 Pl
961 3277 985 3328 in
998 3278 1121 3344 Doeriag
1129 3292 1180 3328 nnn
1190 3277 1216 3328 in
1227 3278 1269 3342 Pl

187 3345 290 3398 ineante
308 3349 329 3410 ς
345 3346 448 3397 incauta
468 3345 585 3396 incautae
602 3343 673 3412 Pla
691 3345 891 3398 circumuentum
911 3352 931 3410 ς
949 3346 1043 3398 circum
1056 3346 1125 3413 Pll'l
1144 3345 1205 3412 lnge
1224 3346 1269 3412 Pl

187 3415 203 3466 9
221 3412 294 3466 ducis
311 3413 398 3466 Aldru
420 3412 493 3465 uocis
510 3411 551 3479 Pl
565 3412 600 3464 ira
625 3416 644 3477 ς
666 3413 702 3464 ita
723 3413 765 3479 Pl
781 3415 811 3465 13
830 3412 900 3481 qnod
916 3415 1001 3466 minus
1017 3414 1059 3482 Pl
1073 3418 1106 3468 14
1122 3428 1194 3466 more
1210 3429 1267 3466 rna.

187 3497 222 3531 aa
246 3486 328 3534 morte
349 3481 540 3548 Pllegibuaen
563 3479 606 3547 Pl
620 3483 650 3534 17
675 3495 712 3546 pr.
735 3481 791 3534 urb.
815 3482 858 3548 Pl
871 3482 945 3548 petiit
967 3483 999 3536 H.
1022 3483 1046 3535 J.
1064 3482 1176 3534 Mueller
1198 3483 1269 3549 petit

187 3548 230 3614 Pl
245 3551 275 3602 18
293 3548 385 3602 adesse
403 3550 430 3600 ln
449 3548 531 3600 Gran.
549 3546 639 3600 adesse
656 3565 691 3599 aa
708 3547 824 3602 adessem
843 3551 874 3600 P¹
887 3549 897 3616 ll
910 3551 1014 3617 quintus
1031 3551 1100 3604 lulns
1116 3550 1158 3616 Pl
1171 3552 1204 3603 20
1224 3566 1268 3603 ea-

188 3619 266 3681 pnaet
287 3617 329 3683 Pl
342 3619 373 3670 tl
395 3617 504 3669 scribtae
521 3616 563 3682 Pl
576 3621 781 3684 negassentquae
800 3619 849 3683 Pl
866 3621 899 3670 22
920 3618 1023 3672 abscedi
1041 3617 1199 3671 aoeabscede
1216 3617 1269 3687 P'l

189 3684 223 3734 24
239 3697 296 3735 esse
314 3685 393 3736 sciuit
411 3688 430 3749 ς
447 3683 582 3752 esseaqnid
599 3682 640 3748 Pl
654 3685 686 3736 27
701 3685 775 3751 pleps
786 3687 810 3739 P
820 3685 830 3754 l
841 3690 962 3752 poterant
973 3687 1007 3738 1²¹
1024 3691 1144 3754 poterant
1161 3693 1208 3740 aut
1219 3701 1267 3754 po·

188 3756 272 3802 terant
284 3752 315 3803 P¹
332 3753 345 3819 Ι
362 3753 396 3805 29
415 3753 545 3819 prolectas
559 3751 602 3818 Pl
614 3753 647 3804 30
662 3751 746 3804 media
756 3753 790 3806 P²
799 3753 875 3806 midla
888 3753 920 3804 P¹
933 3754 943 3820 l
956 3756 988 3807 ³3
1001 3753 1087 3822 pedite
1101 3755 1183 3807 Gran.
1197 3754 1268 3822 pedi·

189 3821 229 3870 tes
246 3815 484 3886 Plsnperabnntnr
494 3819 534 3883 1²¹,
544 3836 615 3873 corr.
624 3819 679 3888 P'l
694 3824 828 3891 nequaqni
837 3838 892 3875 ror.
902 3839 937 3874 ere
949 3821 1092 3892 nequaqdi
1101 3823 1188 3890 Plan
1199 3825 1266 3878 uinci
