2734 4250
513 976 776 1063 PRAEFATIO

188 1336 234 1398 lle
254 1334 340 1397 lihris
361 1336 396 1397 T.
413 1335 478 1397 Liui
507 1355 524 1397 a
545 1337 688 1399 uicesimo
711 1347 793 1401 sexto
816 1339 851 1401 ad
875 1340 1056 1403 tricesimum
1078 1360 1188 1404 recen-

101 1437 206 1501 sendis
220 1445 312 1515 atque
327 1438 522 1500 emendandis
543 1442 668 1520 exposui
690 1441 720 1503 in
744 1441 964 1521 prolegomenis
986 1442 1021 1503 ad
1044 1444 1185 1505 maiorem

103 1542 212 1603 horum
233 1541 378 1602 librorum
400 1540 573 1616 editionem,
597 1560 673 1620 quae
695 1542 804 1604 abhinc
825 1544 926 1605 decem
949 1562 1046 1606 annos
1067 1543 1186 1623 prodiit.

107 1644 150 1704 Ea
172 1642 322 1722 inspiciat,
344 1643 395 1722 qui
410 1644 592 1705 accuratiora
609 1644 692 1705 uolet
713 1662 910 1724 coguoscerc3
934 1664 1025 1723 nunc,
1048 1664 1123 1726 quae
1145 1646 1187 1708 ibi

102 1745 258 1825 explorata
279 1751 360 1817 sunt,
382 1743 517 1805 breuiter
538 1746 792 1825 comprehendere
813 1748 931 1811 sulllcit

192 1846 236 1907 hd
259 1844 390 1906 codicem
407 1846 582 1921 Puteanum,
604 1848 702 1926 quiin
719 1849 819 1928 priore
839 1860 922 1930 parte
944 1850 1061 1913 decadis
1082 1850 1187 1911 tertiae

105 1968 185 2012 unus
202 1950 434 2010 instrumentum
450 1947 585 2008 criticum
601 1949 702 2025 efficit,
725 1950 755 2012 in
771 1951 862 2013 altera
877 1953 1024 2013 accedunt
1037 1951 1187 2031 Spirensis

104 2050 340 2130 compluresque
362 2048 389 2110 ei
411 2048 548 2130 cognati,
579 2069 706 2129 quorum
729 2054 906 2134 archetypus
926 2055 982 2130 (a
993 2056 1032 2132 Σ)
1053 2053 1187 2114 bonitate

105 2163 138 2214 et
158 2152 328 2232 integritate
350 2153 484 2215 Puteauo
513 2169 637 2232 prorsus
658 2171 714 2233 par
736 2162 765 2215 et
792 2156 922 2235 aequalis
951 2165 1023 2218 erat.
1067 2156 1096 2217 ls
1118 2156 1187 2235 Spi-

106 2254 203 2316 rensis
225 2253 378 2331 ceterique
399 2252 534 2315 eiusdem
556 2255 677 2334 generis
700 2255 820 2318 codices
842 2275 903 2318 non
934 2275 970 2318 ex
998 2256 1063 2336 ipsu
1085 2260 1114 2319 Σ
1134 2255 1186 2318 de-

107 2356 211 2434 scripti
242 2373 299 2416 nec
327 2354 429 2416 eodem
460 2354 688 2417 necessitudinis
718 2357 840 2419 uinculo
871 2377 939 2419 oum
970 2377 1005 2419 eo
1034 2357 1186 2420 coniuncti

104 2466 193 2529 sunt,
221 2457 273 2520 sed
296 2474 351 2537 per
372 2457 471 2518 uarios
492 2458 716 2537 propagationis
739 2460 847 2540 gradus
869 2459 904 2520 ab
927 2478 963 2522 eu
986 2460 1108 2521 deriuati
1136 2460 1185 2535 ita,

106 2569 140 2621 ut
154 2559 203 2621 alii
225 2559 368 2638 propiore
389 2557 437 2618 alii
459 2559 593 2638 longiore
617 2561 796 2640 cognatione
818 2580 884 2624 eum
907 2561 1069 2641 attingant;
1091 2563 1188 2624 lluxe·

105 2661 275 2723 runteuim
296 2677 331 2721 ex
354 2659 480 2722 diuersis
501 2661 601 2722 uariae
623 2663 726 2723 aetatis
748 2663 935 2744 apographis,
958 2680 1085 2742 quorum
1108 2663 1185 2726 aliud

106 2781 142 2823 ex
165 2762 224 2823 alio
247 2761 389 2842 deinceps
410 2762 592 2842 descriptum
615 2773 688 2826 erat
734 2763 845 2836 Quodsi
868 2783 901 2826 ea
923 2766 1103 2846 apographa,
1126 2783 1186 2846 quo

106 2864 228 2944 longius
249 2863 390 2942 quodque
412 2863 448 2924 ab
471 2864 632 2945 archetypo
654 2865 748 2937 abest,
770 2885 807 2928 eu
829 2865 941 2927 maiore
963 2885 1087 2929 numero
1109 2868 1144 2928 ad
1160 2871 1190 2931 Σ

106 2965 207 3027 addito
229 2964 424 3043 insignimus,
452 2965 553 3045 stirpis
574 2969 749 3048 propagatio
772 2968 845 3029 haec
867 2976 926 3030 est:
954 2967 998 3028 Er
1026 2969 1186 3049 archetypo

107 3071 142 3143 Σ,
158 3068 211 3147 qui
227 3066 318 3146 periit
331 3074 365 3127 ut
386 3067 474 3128 etiam
490 3067 529 3130 2¹
546 3069 698 3148 ceterique
721 3089 795 3149 quos
816 3088 871 3150 per
885 3073 914 3132 Σ
927 3069 1038 3131 notabo
1061 3071 1186 3144 codices,

107 3178 309 3231 manauerunt
322 3167 530 3248 palimpsestus
545 3169 739 3233 laurinensis
754 3178 783 3232 et
797 3169 849 3244 5¹3
872 3170 909 3231 ab
925 3169 964 3233 5¹
983 3171 1101 3233 oriundi
1117 3185 1188 3233 sunt

105 3269 260 3352 Spirensis
287 3277 318 3331 et
346 3269 449 3332 lolium
478 3269 658 3335 Monacense
687 3291 703 3333 a
726 3274 776 3344 28,
800 3273 850 3347 39,
876 3275 916 3336 16
938 3271 972 3332 ad
997 3273 1047 3343 28,
1070 3275 1122 3348 41,
1147 3277 1186 3337 12

106 3375 264 3454 pertinens
285 3378 315 3432 et
335 3370 563 3450 Bamhergensis
585 3393 601 3434 a
624 3376 675 3448 30,
694 3377 744 3448 42,
768 3375 806 3436 21
832 3373 866 3434 ud
891 3382 1054 3434 extremum
1076 3373 1186 3435 librum

107 3476 291 3538 uicesimum
313 3475 410 3546 et22,
431 3473 483 3551 qui
504 3473 568 3553 ipsc
589 3493 699 3554 parens
721 3483 766 3536 est
781 3473 929 3536 llarlciani
951 3483 981 3536 et
1004 3474 1113 3536 codicis
1127 3478 1187 3550 2³3

109 3579 309 3657 e12³porro
331 3575 482 3636 duxerunt
495 3575 713 3638 laurentianus
736 3585 765 3638 et
780 3579 831 3652 2⁴,
855 3595 891 3638 ex
906 3579 947 3640 2⁴
966 3575 1095 3655 denique
1108 3577 1187 3638 Vati-

107 3697 202 3742 canus
224 3688 255 3741 et
277 3676 447 3756 complures
474 3675 553 3739 inter
579 3697 612 3740 sc
639 3679 780 3741 simillimi
804 3677 870 3758 (u),
899 3695 1025 3757 quorum
1057 3677 1187 3759 optimus

110 3778 327 3842 Romnatianus
349 3787 403 3840 est
