2734 4250
83 187 149 232 ectr.
158 188 198 232 218
469 171 563 224 ldBER
580 173 645 239 xxi,
663 178 704 228 bl.
717 176 750 228 52
1101 176 1141 234 49

81 344 208 406 censebat
230 344 352 418 consul,
375 345 411 405 ad
432 344 545 407 insulas
566 343 705 420 Vulcani,
729 346 797 425 quia
819 347 895 407 lama
916 355 979 408 erat
1000 355 1079 409 stare
1102 348 1142 410 ibi

81 428 208 491 Punicam
231 430 365 502 classem,
388 429 516 506 traiecit;
539 447 595 490 neo
610 431 766 510 quisquam
787 433 915 493 bostium
931 432 1010 493 circa
1024 451 1073 494 eas
1094 434 1142 495 in·

79 513 143 576 sulas
164 515 318 576 inuentus.
363 515 419 575 iam
442 516 518 576 lorte
539 516 765 577 transmiserant
791 518 827 577 ad
849 516 1021 579 uastandam
1043 517 1142 580 ltaliae
1164 531 1179 580 t

78 616 164 674 oram,
191 600 432 680 depopulatoque
456 599 627 662 Viboniensi
649 618 721 680 agm
744 601 849 662 urbem
871 602 958 663 etiam
979 602 1141 665 terrebant.

50 685 214 762 ompotenti
240 684 369 746 Siciliam
398 684 513 747 consuli
543 685 677 748 escensio
705 687 836 748 bostium
861 685 892 747 in
920 705 1023 767 agrurn
1053 687 1179 749 vibo-s

77 768 201 831 niensem
224 771 300 831 lacta
322 769 492 844 nuntiatur,
514 769 688 849 litteraeque
708 770 745 832 ab
767 781 873 832 senatu
897 771 934 833 de
955 774 1081 835 transitu
1110 774 1140 834 in

76 851 176 915 ltaliam
192 853 375 928 Hannibalis,
398 864 428 916 et
442 863 475 916 ut
496 855 593 934 primo
609 873 730 934 quoque
748 864 882 936 tempore
904 857 1034 936 collegae
1049 859 1141 918 ferret

73 939 216 1014 auxilium,
231 940 338 1002 missae
353 940 519 1001 traduntur.
550 939 650 1002 multis
664 940 752 1002 simul
767 941 872 1002 anxius
886 942 966 1003 curis
980 944 1141 1004 exercitum
1163 955 1178 1004 a

73 1024 214 1105 extemplo
243 1025 275 1086 in
307 1043 400 1086 naues
426 1023 589 1104 inpositurn
618 1025 785 1087 Ariminum
812 1026 885 1086 mari
912 1043 1022 1106 supero
1051 1028 1140 1100 misit,

34 1115 55 1166 u
72 1107 155 1172 Sexto
177 1109 346 1188 Pomponio
374 1110 471 1188 legato
499 1127 567 1172 oum
598 1109 703 1189 uiginti
733 1110 866 1190 quinque
894 1111 992 1191 longis
1014 1112 1141 1174 nauibus

73 1193 277 1256 Viboniensem
299 1212 401 1274 agrum
424 1194 657 1274 mmitimamque
672 1213 754 1255 oram
769 1195 867 1256 ltaliae
888 1197 1030 1257 tuendam
1051 1197 1140 1258 adtri-

71 1277 139 1354 buit,
160 1279 198 1340 11.
213 1279 339 1340 Aemilio
353 1279 483 1360 praetori
498 1280 713 1359 quinquaginta
728 1281 850 1342 nauium
866 1280 988 1342 classem
1004 1282 1141 1362 expleuit.
1163 1295 1178 1343 ’1

69 1363 127 1442 ipse
150 1364 315 1443 conpositis
330 1363 446 1426 Siciliae
461 1363 552 1426 rebus
568 1365 670 1426 decem
686 1364 814 1427 nauibus
829 1382 910 1426 orem
926 1363 1025 1427 ltaliae
1039 1366 1141 1444 legens

70 1449 231 1510 Ariminum
244 1449 391 1528 peruenit.
414 1449 483 1510 inde
498 1467 566 1512 oum
578 1449 710 1512 exercitu
722 1468 778 1512 suo
789 1451 941 1529 proiectus
955 1452 991 1512 ad
1003 1450 1141 1512 Trebiam

25 1539 50 1590 u
69 1533 176 1595 llumen
199 1534 341 1614 conlegae
363 1535 565 1614 coniungitur.

150 1618 211 1680 lam
233 1617 322 1680 ambo
344 1619 483 1681 consules
504 1627 535 1680 et
556 1619 698 1699 quidquid
720 1619 920 1680 Romanamm
946 1619 1055 1680 uirium
1078 1625 1191 1683 eratbi

70 1702 225 1765 llannibali
247 1704 417 1784 oppositum
447 1712 498 1765 aut
519 1703 575 1766 illis
603 1704 698 1785 copiis
719 1703 837 1766 delendi
862 1723 951 1785 posse
973 1705 1141 1766 Romanum

69 1789 222 1869 imperium
244 1797 296 1850 aut
309 1807 393 1869 spem
416 1789 527 1851 nullam
550 1788 635 1850 mam
658 1807 723 1851 esse
739 1789 811 1851 satis
831 1788 1006 1851 declarabat
1042 1798 1140 1852 tamen
1163 1802 1178 1852 1

69 1873 170 1936 consul
185 1873 261 1935 alter
276 1874 407 1954 equestri
422 1874 536 1954 proelio
552 1892 613 1935 uno
633 1883 662 1934 et
683 1874 809 1936 uulnere
833 1893 888 1935 suo
909 1875 1043 1937 minutus
1064 1876 1140 1936 trabi

24 1965 127 2020 mrem
149 1959 292 2036 malebat3
320 1960 451 2021 recentis
475 1959 566 2019 animi
588 1959 663 2020 alter
685 1977 781 2037 eoque
807 1958 937 2022 ferocior
962 1959 1074 2021 nullam
1095 1960 1140 2021 di·

67 2042 204 2107 lationem
227 2044 404 2125 patiebatur.
441 2044 521 2124 quod
546 2044 627 2105 inter
648 2043 786 2105 Trebiam
808 2044 979 2125 Padumque
1003 2045 1065 2125 agri
1087 2054 1141 2118 est,
1163 2057 1177 2107 t

68 2128 138 2191 Galli
167 2139 232 2191 tum
259 2129 446 2203 incolebant,
477 2129 508 2190 in
539 2129 664 2191 duorum
693 2130 934 2209 praepotentium
962 2130 1142 2210 populorum

68 2214 227 2277 certamine
248 2234 303 2296 per
325 2214 496 2293 ambiguum
518 2214 739 2277 lauorembaut
760 2213 849 2275 dubie
871 2214 996 2293 gratiam
1018 2215 1141 2277 uictoris

67 2308 243 2378 spectantes.
280 2300 310 2361 id
332 2298 465 2375 Romani,
488 2299 577 2360 modo
599 2318 638 2361 ne
660 2299 731 2379 quid
754 2307 921 2374 mouerent,
943 2316 1039 2377 aequo
1062 2300 1179 2375 satias

24 2384 182 2447 laPocnns
204 2384 364 2465 periniquo
386 2383 486 2446 animo
508 2384 632 2459 ferebat,
655 2384 692 2447 ab
708 2384 797 2447 Gallia
820 2384 946 2445 accitum
968 2402 1001 2446 se
1023 2384 1141 2445 uenisse

67 2469 101 2529 ad
127 2470 298 2531 liberandos
325 2488 377 2532 eos
402 2469 549 2531 dictitans.
595 2468 721 2531 obeam
750 2468 840 2544 iram,
869 2468 957 2529 simul
977 2476 1012 2530 ut
1032 2467 1176 2548 praedas

69 2554 186 2616 militem
208 2554 316 2629 aleret,
344 2555 404 2617 duo
425 2553 505 2615 milia
526 2554 659 2635 peditum
688 2563 719 2616 et
740 2553 820 2615 mille
841 2553 972 2633 equites,
1001 2553 1142 2616 Numidas

68 2638 232 2719 plerosque,
254 2640 362 2702 mixtos
376 2640 519 2719 quosdam
535 2647 565 2700 et
579 2638 688 2714 Gallos,
710 2639 848 2719 populari
866 2656 985 2700 omnem
1000 2638 1142 2718 deinceps

68 2742 168 2802 agrum
189 2742 286 2804 usque
308 2725 343 2785 ad
360 2724 431 2786 Padi
452 2723 533 2804 ripas
553 2723 648 2786 iussit.
686 2732 809 2803 egemcs
831 2741 888 2803 ope
909 2723 993 2799 Galli,
1016 2741 1083 2785 cum
1106 2724 1141 2785 ad
1163 2734 1179 2784 6

24 2812 49 2864 a]
67 2806 96 2867 id
118 2808 221 2872 dubios
243 2817 415 2872 semassent
435 2809 559 2883 animos,
585 2809 681 2871 coacti
703 2807 740 2869 ab
763 2808 935 2870 auctoribus
956 2808 1083 2870 iniuriae
1104 2809 1141 2871 ad

70 2892 197 2956 uindices
211 2894 330 2957 lutnros
344 2892 494 2955 declinant
510 2894 673 2974 legatisque
684 2893 721 2955 ad
736 2893 876 2955 consules
890 2894 987 2956 missis
1000 2893 1142 2955 auxilium

70 2976 268 3042 Romanorum
297 2988 394 3043 ternae
424 2979 462 3040 ob
494 2978 615 3041 nimiam
646 2978 795 3040 cultorum
823 2978 912 3040 fldem
937 2979 969 3040 in
991 2978 1142 3041 Romanos

72 3061 210 3127 laboranti
233 3073 329 3126 orant.
374 3063 512 3127 Cornelio
535 3082 592 3125 nec
615 3082 703 3127 causa
725 3081 782 3125 nec
807 3072 925 3143 tempus
945 3065 1077 3142 agendae
1100 3064 1179 3125 reit

73 3147 206 3223 placebat,
228 3158 426 3231 suspectaque
440 3150 468 3211 ei
482 3167 556 3228 gens
571 3159 635 3211 erat
649 3167 719 3211 oum
733 3148 772 3210 ob
791 3148 882 3209 intida
896 3149 988 3209 multa
1011 3147 1143 3210 lacinora

149 3302 166 3352 4
187 3298 408 3436 depopulatifflu'e
428 3298 573 3352 uiuoniensi
590 3299 637 3367 Pl
656 3304 672 3353 5
697 3298 817 3351 excensio
835 3298 884 3365 ΡΙ
901 3297 1080 3350 niuoniensem
1096 3299 1145 3366 ΡΙ

74 3368 166 3419 inari
183 3366 218 3420 Ρ
244 3366 322 3421 maria

76 3433 101 3484 11
118 3435 262 3503 coniagitnr
275 3435 316 3500 111,
334 3452 405 3489 corr.
417 3434 452 3488 Ρ
464 3434 474 3502 1
488 3436 519 3489 16
538 3448 701 3489 romanorum
713 3434 756 3502 Pl
770 3437 801 3488 rs
819 3448 871 3488 uno
887 3434 1023 3486 Grmwoto
1038 3449 1144 3500 naupac-

74 3504 292 3571 landuinum,
316 3503 389 3570 quod
409 3508 499 3555 mmm
521 3517 577 3554 non
597 3508 663 3571 puto
685 3518 782 3555 mrum
805 3518 871 3568 erra,
893 3502 939 3553 ael
954 3502 1022 3554 ictos
1039 3500 1088 3566 (cf.
1100 3502 1144 3569 37,

74 3567 109 3630 21,
126 3574 169 3633 11)
192 3578 212 3639 ς
237 3577 264 3624 et
285 3570 399 3625 minutas
422 3571 455 3624 Ρ*
481 3572 611 3624 eminutus
634 3571 668 3625 Ρ
694 3585 771 3637 aeger
793 3577 820 3623 et
841 3571 954 3623 minutus
978 3571 1144 3636 Heerwagen

75 3641 234 3694 conminutas
253 3642 323 3691 ωπί.
341 3638 476 3691 urebant.
503 3638 774 3704 admonitusdiadoa'g
785 3638 981 3691 dimitiam
1007 3638 1144 3691 animimi·

75 3710 141 3759 cutus
157 3708 216 3773 (ool
232 3708 290 3773 spei
307 3706 431 3773 minutus)
448 3706 557 3773 Frigell
569 3708 578 3775 1
590 3711 623 3761 20
641 3707 765 3760 mallabat
781 3705 825 3772 Pl
837 3708 871 3759 2³
889 3707 971 3759 nictor
984 3706 1025 3774 ΡΙ
1040 3708 1072 3760 21
1090 3720 1145 3757 mo

74 3774 147 3826 caint
163 3774 212 3897 ΡΡΙ
231 3778 264 3829 25
283 3774 378 3841 auilmo
395 3792 449 3829 raa.
468 3790 504 3826 ecc
521 3776 616 3843 anilrno
634 3774 681 3842 Ρ1
702 3772 950 3841 similiterque
974 3773 1093 3840 populari
1110 3788 1145 3821 ec

75 3842 165 3907 11011111
209 3844 284 3913 ¹l³¹
306 3843 425 3896 consules
443 3842 552 3909 Lipsius
578 3842 711 3896 consulem
730 3840 772 3906 Pl
786 3843 819 3893 31
836 3854 899 3906 gena
916 3839 952 3891 Ρ·
979 3854 1030 3904 gen
1048 3840 1079 3889 1²¹

118 3931 193 3977 lluim
207 3934 239 3979 111
976 3924 993 3972 4

418 3370 447 3422 11
472 3366 640 3420 bibonensem
658 3367 705 3434 ΡΙ
724 3368 759 3420 11
781 3366 919 3419 exercitum
937 3365 979 3431 1²¹,
996 3380 1066 3418 corr.
1085 3366 1118 3418 1²¹
1133 3369 1143 3433 1
