2734 4250
108 144 129 175 ι.
138 132 190 176 cur.
199 134 239 175 ²12
497 114 592 169 LIBER
608 115 688 185 XXV,
708 120 747 172 tt.
763 121 793 172 18
1122 118 1183 179 263

105 289 152 351 alii
175 288 206 349 in
230 288 336 350 castris
351 289 491 351 Romanis
512 290 661 369 sepultum
684 290 720 350 ab
742 290 812 366 suis,
836 290 884 351 alii
907 290 942 351 ab
961 291 1127 353 Hannibale
1144 328 1183 339 -

106 383 135 435 et
156 392 192 435 ea
213 374 364 452 uolgatior
391 375 466 435 lama
493 383 602 435 est-
631 377 752 437 tradunt
772 376 803 436 in
825 374 974 438 uestibulo
1003 378 1183 440 Punicorum

105 468 273 521 castrorum
295 477 401 539 rogum
424 468 607 521 exstructum
634 479 714 536 esse,
743 470 887 523 armatum
911 462 1073 523 exercitum
1095 464 1222 526 decu-5

105 545 235 606 currisse
265 562 334 606 cum
363 545 498 625 tripudiis
526 545 726 624 Hispanorum
756 546 945 626 motibusque
975 564 1124 611 armorum
1155 559 1186 610 et

70 642 266 710 temporum
287 648 359 691 suae
388 630 494 709 cuique
524 631 607 709 genti
636 629 781 706 adsuetis,
813 632 877 711 ipso
908 632 1072 695 Hannibale
1103 636 1184 696 omni

105 734 207 778 rerum
224 714 445 794 uerborumque
460 716 576 777 honore
590 716 730 795 exequias
750 717 929 778 celebrante.
968 718 1039 779 haec
1054 719 1185 795 tradunt,

107 801 211 879 quiin
235 800 364 861 Lucanis
387 801 429 860 rei
452 810 550 880 gestae
572 809 709 863 auctores
731 810 810 863 sunt.
854 803 878 865 si
904 802 973 877 illis,
997 804 1049 881 qui
1072 803 1107 865 ad
1131 805 1185 866 Ca·
1206 814 1222 864 6

105 887 201 947 iorem
231 885 355 947 fluuium
378 886 568 947 interfectum
596 896 776 961 memorant,
808 887 929 949 credere
959 889 1049 963 uelis,
1079 891 1184 968 capitis

106 979 223 1033 tantum
247 970 371 1032 Gracchi
394 971 494 1033 hostes
515 972 601 1051 potiti
625 980 713 1048 sunt;
743 991 778 1033 eo
801 973 898 1033 delato
920 973 955 1033 ad
978 972 1185 1049 hannibalem,
1207 986 1222 1033 't

59 1065 87 1116 1⁰
106 1056 216 1118 missus
237 1055 275 1116 ab
292 1075 327 1117 eo
350 1057 506 1118 confestim
523 1057 667 1132 Carthalo,
691 1058 741 1136 qui
764 1058 794 1118 in
818 1066 913 1119 castra
929 1059 1062 1120 Romana
1080 1059 1115 1121 ad
1131 1060 1183 1121 Cn.

106 1140 281 1203 Cornelium
304 1150 490 1219 quaestorem
512 1142 650 1203 deferret.
687 1142 711 1203 is
726 1144 818 1204 funus
833 1143 1018 1223 imperatoris
1033 1144 1064 1205 in
1080 1145 1184 1207 castris

107 1225 329 1288 celebrantibus
351 1245 419 1287 cnm
442 1227 574 1288 exercitu
596 1227 815 1289 Reneuentanis
838 1229 916 1289 lecit.

192 1311 337 1373 Consules
348 1329 452 1391 agrum
465 1312 646 1392 Campanum
658 1313 785 1391 ingressi
801 1331 867 1374 cum
881 1314 989 1393 passim
1005 1313 1184 1392 popularen-
1200 1320 1235 1376 18

105 1405 165 1470 tur,
195 1396 354 1475 eruptione
377 1398 594 1478 oppidanorum
624 1405 654 1459 et
675 1398 808 1478 Magonis
838 1417 905 1459 cum
935 1397 1068 1477 equitatu
1089 1399 1184 1460 territi

52 1492 79 1541 15
104 1492 135 1544 et
148 1482 260 1562 trepidi
281 1482 318 1543 ad
333 1482 416 1562 signa
432 1482 540 1544 milites
554 1482 666 1564 palatos
681 1483 788 1563 passim
809 1493 989 1545 reuocarunt
1004 1492 1041 1558 et,
1064 1483 1185 1545 uixdum

105 1568 252 1629 instructa
274 1567 336 1629 acie
357 1568 424 1641 fusi,
447 1585 536 1647 supra
552 1568 631 1629 mille
646 1579 676 1629 et
691 1569 871 1647 quingentos
892 1569 1000 1631 milites
1014 1569 1185 1630 amiserunt.

106 1653 177 1714 inde
199 1653 307 1733 ingens
321 1653 431 1714 ferocia
445 1652 591 1731 superbae
606 1662 712 1734 suopte
735 1654 856 1734 ingenio
878 1655 960 1734 genti
983 1654 1088 1728 creuit,
1110 1655 1186 1715 mul·
1208 1664 1224 1714 1

105 1739 205 1817 tisque
226 1738 347 1817 proeliis
369 1737 554 1799 lacessebant
570 1738 733 1815 Romanos;
756 1740 806 1801 sed
824 1740 1001 1801 intentiores
1023 1739 1058 1799 ad
1075 1757 1185 1800 cauen-

105 1825 178 1885 dum
200 1823 341 1884 consules
356 1842 415 1883 una
429 1841 529 1903 pugna
545 1825 656 1885 fecerat
674 1823 793 1886 incaute
808 1832 897 1903 atque
919 1824 1087 1886 inconsulte
1103 1824 1184 1885 inita.

57 1916 86 1967 20
105 1908 237 1970 restituit
258 1916 356 1969 tamen
379 1908 426 1970 bis
447 1908 563 1970 animos
585 1918 615 1969 et
631 1909 689 1970 illis
711 1908 819 1971 minuit
840 1910 990 1971 audaciam
1012 1928 1104 1990 parua
1126 1928 1186 1971 una
1208 1917 1222 1967 3

106 2014 171 2056 res:
195 1994 246 2055 sed
264 1993 295 2054 in
311 1993 390 2054 bello
407 1993 482 2054 nihil
495 2002 554 2053 tam
569 1994 634 2055 leue
650 2003 704 2068 est,
725 1995 804 2072 quod
820 2014 881 2055 non
899 2012 1021 2072 magnae
1037 1994 1185 2061 interdum

107 2079 151 2141 rei
172 2087 360 2140 momentum
383 2079 478 2140 faciat.
518 2078 552 2139 T.
568 2078 708 2150 Quinctio
732 2078 868 2159 Crispino
892 2079 999 2141 Radius
1021 2079 1188 2160 Campanus
1209 2085 1224 2137 t

106 2166 219 2245 hospes
232 2173 298 2225 erat
318 2164 509 2243 perfamiliari
524 2165 652 2244 hospitio
667 2165 797 2226 iunctus.
834 2175 971 2226 creuerat
992 2165 1186 2238 consuetudo,

108 2252 187 2330 quod
218 2267 308 2328 aeger
328 2250 439 2310 Romae
466 2257 538 2330 aput
560 2248 729 2328 Crispinum
758 2249 866 2311 Badius
894 2259 964 2310 ante
989 2249 1187 2311 defectionem

62 2343 88 2394 a
109 2335 288 2415 Campanam
303 2333 465 2396 liberaliter
479 2335 663 2413 comiterque
679 2343 800 2397 curatus
814 2335 919 2395 fuerat.
957 2335 981 2395 is
1003 2343 1065 2394 tum
1081 2334 1189 2396 badius
1210 2343 1225 2394 t

107 2439 287 2501 progressus
308 2429 377 2481 ante
399 2420 551 2496 stationes,
575 2437 650 2499 quae
671 2439 727 2500 pro
749 2429 835 2500 porta
857 2419 983 2494 stabant,
1007 2419 1108 2480 uocari
1124 2419 1187 2480 Cri·

107 2507 230 2586 spinum
252 2504 346 2566 iussit.
383 2505 463 2584 quod
486 2504 537 2566 ubi
560 2514 604 2567 est
620 2505 757 2585 Crispino
782 2505 958 2578 nuntiatum,
981 2511 1061 2565 ratus
1083 2505 1188 2566 conlo·

108 2593 211 2669 quium
234 2589 361 2652 amicum
384 2609 418 2652 ac
432 2589 575 2651 familiare
597 2590 710 2669 quaeri,
732 2597 870 2651 manente
887 2589 1030 2650 memoria
1054 2589 1140 2650 etiam
1156 2589 1186 2651 in

108 2676 232 2739 discidio
256 2674 445 2755 publicorum
466 2676 620 2737 foederum
649 2675 759 2755 priuati
781 2676 868 2748 iuris,
900 2675 1020 2753 paulum
1043 2693 1059 2735 a
1082 2675 1188 2736 ceteris

61 2769 89 2822 to
106 2760 264 2867 processit.
300 2768 457 2840 postquam
473 2761 503 2821 in
520 2768 714 2841 conspectum
730 2779 850 2835 uenere,
866 2753 1016 2822 ‘Prouoco
1031 2751 1074 2821 te’
1091 2760 1189 2838 inquit
1210 2768 1225 2818 6

119 2847 155 2908 ad
176 2863 320 2926 pugnam,
349 2840 503 2925 Crispine‚’
528 2845 652 2921 Badius;
672 2837 922 2907 ‘conscendamus
943 2863 1036 2926 equos
1057 2862 1188 2907 summo-

109 2932 208 3010 tisque
223 2931 297 3006 aliis,
319 2941 387 2991 uter
402 2930 479 2992 bello
494 2931 599 2991 melior
613 2931 660 3004 sit,
681 2925 894 2992 decernamus.²
934 2931 968 2992 ad
985 2949 1019 2991 ea
1035 2929 1189 3010 Crispinus
1211 2938 1226 2988 t

110 3035 166 3078 nec
188 3017 247 3078 sibi
270 3033 326 3076 nec
348 3015 388 3076 illi
411 3017 452 3076 ait
473 3017 573 3077 hostes
594 3017 711 3089 deesse,
739 3015 770 3076 in
793 3014 902 3094 quibus
923 3017 1064 3076 uirtutem
1088 3024 1189 3076 osteu-

110 3103 196 3164 dant:
219 3121 262 3172 se,
285 3100 399 3162 etiamsi
420 3101 451 3161 in
467 3101 530 3162 acie
553 3101 727 3173 occurrerit,
750 3100 976 3175 declinaturum,
1000 3118 1038 3160 ue
1053 3100 1189 3178 hospitali

63 3193 90 3246 tt
108 3188 198 3250 caede
214 3187 346 3248 dextram
362 3185 469 3256 uiolct;
491 3204 716 3265 conuersusque
735 3184 843 3246 abibat.
884 3186 1039 3246 enimuero
1062 3185 1191 3246 ferocius
1211 3192 1227 3243 8

195 3319 341 3385 ttripudis
360 3318 408 3384 Pl
427 3322 442 3371 5
461 3317 555 3385 cuique
573 3323 593 3384 ς
619 3318 715 3385 quique
734 3320 759 3366 P
773 3315 782 3383 ss
800 3318 817 3368 o
835 3316 943 3383 exequie
965 3315 1125 3368 celebrantes
1144 3319 1169 3366 P
1181 3317 1190 3383 ΙΙ

111 3389 245 3443 8lleuinm
258 3386 304 3454 ΡΙ
316 3390 331 3439 9
344 3385 445 3452 gracchi
464 3386 552 3438 hostes
571 3403 606 3437 aa
623 3386 788 3452 gracchostes
804 3385 836 3434 P¹
848 3383 857 3453 ll
874 3387 902 3438 11
917 3383 1063 3451 imperatori
1077 3384 1191 3449 Duker!

113 3462 143 3512 15
161 3463 189 3510 et
207 3455 301 3521 trepidi
320 3457 345 3505 P
369 3453 459 3520 trepidi
479 3453 609 3506 fliernoan
620 3454 630 3520 ΙΙ
645 3457 677 3506 19
696 3453 856 3505 inconsultae
875 3453 963 3518 Ρ1121
981 3455 1137 3504 momentum
1156 3468 1191 3503 erc

110 3531 261 3578 nomentum
281 3524 314 3573 1²¹
326 3522 336 3590 l
349 3522 460 3589 crispino
479 3521 570 3574 budius
586 3522 627 3582 1²¹,
645 3537 671 3573 sr
690 3539 706 3572 a
721 3522 755 3572 PJ
772 3524 844 3572 intra·
861 3536 876 3572 o
895 3527 920 3571 et
937 3521 953 3572 b
971 3536 1101 3586 ruperam.
1120 3537 1191 3572 natac

111 3610 177 3646 eras.
191 3592 248 3660 123
267 3591 364 3657 hospes
379 3606 435 3641 ras.
447 3606 483 3639 aa
495 3589 606 3656 hocspes
618 3590 656 3654 ΡΙ
676 3591 708 3642 25
721 3589 860 3641 liberaliter
874 3589 909 3639 P²
934 3587 1073 3640 liberaliter
1085 3591 1192 3641 comiter

112 3675 262 3728 campanam
280 3657 422 3710 liberaliter
435 3658 467 3707 P¹
479 3657 490 3724 ΙΙ
503 3659 525 3710 is
544 3663 597 3710 turn
612 3658 720 3710 Creator
745 3661 787 3709 stu
801 3657 834 3708 P¹
863 3660 915 3708 tum
928 3658 963 3708 P²
975 3657 985 3724 ll
997 3659 1029 3709 26
1048 3673 1073 3724 q.
1092 3674 1137 3724 pro
1150 3657 1193 3723 Pl

110 3729 197 3782 uocari
210 3727 246 3779 Ρ2
272 3727 384 3779 uocabat
396 3727 430 3776 ΡΙ
443 3727 454 3791 ΙΙ
466 3727 498 3778 30
510 3725 600 3793 inquid
613 3727 647 3776 P²
672 3726 749 3792 inque
763 3725 795 3776 Ρι
808 3725 818 3792 ΙΙ
831 3728 860 3778 31
877 3725 988 3792 crispino
1002 3724 1045 3794 ΡΙΙ
1058 3725 1092 3778 at
1105 3740 1192 3778 occur-

111 3799 173 3850 rerit
189 3792 346 3855 Alschefski
372 3794 485 3847 occurrit
502 3796 527 3844 P
550 3799 667 3846 occurrat
685 3793 773 3862 §1135
792 3793 903 3845 ferocius
922 3811 956 3845 ea:
974 3794 1028 3845 cius
1047 3792 1081 3843 Ρι
