2734 4250
198 159 238 217 38
589 154 682 208 ttBER
700 155 765 222 xxi,
783 158 824 208 lo.
838 158 868 208 41
1139 183 1159 214 a.
1170 183 1192 214 u.
1203 183 1223 214 e.
1233 173 1266 216 ne

198 331 279 393 dium
301 347 355 409 per
377 328 483 407 uiginti
506 346 600 390 annos
623 327 769 408 exegistis,
793 326 931 406 aquibus
945 336 1032 407 capta
1053 326 1122 388 belli
1145 329 1270 408 praemia

160 430 175 479 t
198 415 325 477 Siciliam
348 432 382 474 ac
398 413 563 474 Sardiniam
585 412 707 474 habetis.
748 413 804 473 erit
825 412 916 491 igitur
933 412 964 473 in
986 411 1045 473 boc
1067 413 1228 474 certamine
1248 414 1271 475 is

198 500 285 562 uobis
306 498 421 577 illisque
444 499 569 571 animus,
593 499 643 576 qui
665 496 830 559 uictoribus
850 506 879 558 et
900 497 988 558 uictis
1010 516 1075 558 esse
1096 498 1182 559 solet.
1219 516 1270 558 nec

199 604 281 646 nunc
303 585 358 654 illi,
382 584 450 662 quia
473 583 591 656 audent,
618 582 668 644 sed
693 583 762 661 quia
784 601 906 644 necesse
929 591 983 655 est,
1005 582 1166 662 pugnaturi
1188 593 1269 656 sunt3

161 687 177 735 t
199 671 255 732 nisi
278 669 413 742 creditis,
438 670 488 748 qui
510 668 641 729 exercitu
663 667 806 728 incolumi
819 685 958 746 ‘pugnam
981 667 1202 741 detractauere,
1224 679 1301 728 eost

199 755 313 816 duabus
328 753 462 834 partibus
476 753 607 834 peditum
623 753 817 832 equitumque
831 751 861 812 in
884 752 1012 814 transitu
1028 751 1146 832 Alpium
1161 752 1273 814 amissis

199 838 262 924 [qui
284 840 385 920 plures
407 857 501 919 paene
530 839 676 918 perierint
702 855 791 916 quam
813 832 975 918 supersint]
997 837 1065 917 plus
1086 838 1150 916 spei
1173 846 1273 898 nactos

162 939 176 988 8
199 945 271 986 esse.
309 932 339 984 at
353 924 432 984 enim
448 923 535 1002 pauci
558 923 675 1002 quidem
699 931 779 996 sunt,
802 922 853 983 sed
868 921 1004 1001 uigentes
1018 922 1125 983 animis
1140 922 1272 1002 corpori·

200 1013 323 1088 busque,
347 1027 472 1087 quorum
495 1007 604 1069 robora
626 1025 660 1067 ac
682 1009 762 1068 uires
779 1006 829 1067 uix
851 1006 1000 1068 sustinere
1021 1007 1068 1068 uis
1089 1007 1148 1068 ulla
1171 1007 1271 1086 possit.

160 1108 175 1156 9
198 1095 311 1174 effigies
334 1094 433 1166 immo,
458 1093 580 1154 umbrae
603 1093 768 1165 hominum,
792 1093 868 1152 lame
883 1091 994 1170 frigore
1010 1091 1123 1152 inluuie
1138 1092 1275 1170 squalore
1295 1101 1315 1151 n

199 1179 305 1253 enecti,
321 1179 439 1240 contusi
454 1197 488 1240 ac
502 1178 643 1239 debilitati
658 1177 737 1238 inter
751 1195 820 1238 saxa
833 1194 998 1255 rupesqne;
1020 1177 1055 1237 ad
1072 1177 1130 1239 beo
1145 1178 1275 1256 praeusti

198 1275 288 1340 artus,
305 1264 375 1326 niue
391 1265 522 1344 rigentes
538 1264 635 1337 nerui,
651 1261 783 1323 membra
797 1261 908 1322 torrida
923 1262 1001 1341 gelu,
1017 1271 1153 1339 quassata
1167 1263 1275 1323 fracta·

146 1361 175 1412 10
198 1369 255 1429 que
278 1367 375 1424 uma,
398 1349 492 1410 claudi
516 1366 550 1409 ac
573 1347 684 1408 debiles
706 1347 789 1426 equi:
819 1365 887 1407 cum
909 1347 967 1407 hoc
989 1348 1103 1425 equite,
1126 1365 1196 1408 cum
1217 1347 1274 1408 hoc

197 1435 295 1516 pedite
317 1435 478 1514 pugnaturi
501 1433 571 1496 estis
578 1451 586 1508 ;
614 1432 753 1512 reliquias
775 1440 920 1493 extremas
942 1431 1051 1504 hostis,
1075 1450 1136 1493 non
1159 1432 1275 1493 bostem

166 1585 172 1598 ,
197 1520 327 1597 habetis;
350 1537 384 1580 ac
400 1519 473 1580 nihil
488 1519 580 1597 magis
595 1535 714 1589 uereor,
737 1535 824 1596 quam
843 1535 891 1588 ne,
907 1535 974 1577 cum
990 1535 1045 1577 uos
1060 1517 1276 1595 pugnaueritis,
1297 1525 1320 1575 15

146 1615 174 1664 11
196 1605 285 1684 Alpes
306 1604 414 1665 uicisse
437 1603 631 1664 Hannibalem
661 1603 829 1664 uideantur.
873 1600 926 1663 sed
954 1602 993 1662 ita
1021 1601 1143 1662 lorsitan
1166 1602 1275 1675 decuit,

198 1708 264 1750 cum
294 1690 447 1749 loederum
475 1697 598 1766 ruptore
626 1689 700 1749 duce
728 1706 763 1749 ac
792 1687 903 1767 populo
932 1686 1003 1748 deos
1026 1686 1108 1766 ipsos
1129 1686 1196 1747 sine
1217 1687 1276 1748 ulla

197 1775 326 1834 humana
339 1790 395 1852 ope
410 1773 595 1834 committere
609 1790 646 1848 ac
657 1773 816 1853 profligare
828 1771 949 1845 bellum,
966 1790 1031 1846 nos
1046 1771 1098 1849 qui
1109 1773 1275 1833 secundum

145 1863 181 1917 41
198 1859 269 1920 deos
284 1858 385 1918 uiolati
400 1875 512 1931 sumus,
535 1858 724 1918 commissum
746 1876 780 1918 ae
802 1857 989 1938 profligatum
1009 1857 1168 1918 conticere.
1214 1877 1276 1918 nou

198 1961 314 2016 uereor,
336 1962 373 2003 ne
391 1943 457 2022 quis
471 1960 519 2003 me
534 1943 606 2003 baec
621 1943 714 2004 uestri
730 1941 905 2003 adhortandi
920 1960 1007 2003 causa
1023 1942 1180 2021 magnifice
1193 1941 1277 2021 loqui
1299 1950 1324 2000 n

161 2038 175 2087 2
198 2028 351 2101 existimet,
367 2028 464 2107 ipsum
478 2027 562 2089 aliter
576 2028 675 2088 animo
692 2029 839 2089 adlectum
853 2046 926 2089 esse.
954 2027 1037 2088 licuit
1048 2026 1078 2087 in
1091 2026 1278 2106 Hispaniam,

196 2113 383 2192 prouinciam
407 2132 510 2189 meam,
537 2113 676 2193 quoiam
699 2115 851 2193 proiectus
873 2131 962 2186 cram,
985 2130 1054 2174 cum
1076 2113 1210 2175 exercitu
1233 2113 1278 2174 ire

197 2218 274 2271 meo,
290 2199 341 2260 ubi
357 2208 386 2261 et
401 2200 520 2261 fratrem
537 2200 653 2261 consilii
668 2200 842 2279 participem
861 2218 895 2259 ac
914 2198 1038 2277 periculi
1054 2197 1168 2259 socium
1183 2198 1278 2260 babe-

196 2303 259 2345 rem
282 2294 312 2347 et
334 2284 544 2347 Hasdrubalem
574 2284 672 2364 potius
695 2302 784 2362 quam
805 2282 1000 2344 Hannibalem
1028 2283 1144 2343 hostem
1166 2291 1198 2344 et
1219 2284 1276 2343 mi-

159 2380 299 2431 tnorem
323 2371 401 2431 haud
424 2371 512 2431 dubie
535 2370 642 2431 molem
671 2368 756 2445 belli;
785 2377 899 2442 nmen,
932 2387 1000 2430 cum
1029 2368 1278 2448 praeterueherer
1297 2374 1326 2424 m

197 2454 324 2517 nauibus
338 2455 446 2516 Galliae
462 2473 554 2527 oram,
577 2454 613 2516 ad
629 2456 736 2515 lamam
752 2454 840 2515 huius
858 2454 950 2514 hostis
965 2454 995 2514 in
1012 2461 1120 2513 terram
1137 2470 1278 2532 egressus

159 2550 174 2599 4
196 2542 358 2620 praemisso
374 2540 508 2619 equitatu
524 2538 559 2599 ad
574 2538 751 2600 Rhodanum
767 2539 847 2600 moui
870 2547 975 2600 castra.
1001 2537 1132 2615 equestri
1147 2538 1278 2616 proelio,

198 2644 255 2704 qua
271 2634 353 2705 parte
368 2625 520 2704 copiarum
536 2625 715 2685 conserendi
730 2641 850 2685 manum
866 2625 985 2685 lortuna
1000 2622 1065 2683 data
1081 2629 1136 2695 est,
1157 2623 1277 2685 hostem

196 2710 257 2770 ludi
266 2728 274 2784 ;
292 2710 423 2789 peditum
439 2726 555 2787 agmen,
575 2708 653 2787 quod
669 2710 699 2770 in
716 2710 838 2770 modum
853 2707 1028 2788 fugientium
1043 2707 1149 2785 raptim
1165 2707 1278 2787 ageba-

196 2804 254 2869 tur,
278 2794 346 2873 quia
362 2794 481 2873 adsequi
496 2802 575 2855 terra
592 2812 653 2855 non
669 2803 813 2874 poteram,
828 2788 951 2878 [neque]
968 2810 1122 2872 regressus
1136 2793 1171 2853 ad
1188 2794 1279 2855 nauis
1300 2799 1328 2849 to

284 2947 364 3008 lag,
378 2959 426 2994 om.
441 2942 510 3009 CMss
523 2945 538 2996 3
552 2958 598 2995 nec
611 2942 643 2994 M
662 2959 695 2995 ne
708 2941 1011 3012 Cfllqniaandentlll‘
1029 2943 1073 3008 qni
1086 2941 1181 2994 audent
1194 2942 1281 3008 Cdssl

197 3015 212 3063 5
232 3010 405 3064 detrectauere
424 3010 470 3077 cl
489 3013 505 3063 6
524 3012 658 3063 transitum
677 3011 725 3077 Μ,
746 3028 817 3063 corr.
836 3010 877 3062 Μ’
890 3012 925 3076 ql
950 3009 993 3078 qui
1012 3010 1099 3075 plnres
1116 3024 1200 3076 paene
1219 3025 1280 3078 per-

196 3079 272 3131 ierint
290 3094 366 3146 quam
384 3079 514 3147 supersint
534 3078 589 3141 CM,
607 3080 657 3131 del.
677 3079 797 3146 Gruter-l
811 3079 865 3146 qni]
883 3094 941 3130 cnm
963 3078 1008 3129 uel
1024 3078 1093 3144 quod
1112 3078 1194 3129 Grorr„
1223 3094 1279 3145 quo

198 3148 360 3213 Heerwagen
387 3148 445 3214 quie
464 3146 616 3209 Abclreselu'
628 3146 638 3214 n
651 3162 733 3214 paene
750 3151 812 3199 ante
827 3147 944 3265 partibus
960 3148 1039 3212 penit
1053 3145 1193 3209 Riemann,
1213 3152 1281 3198 ante

196 3215 295 3268 duabus
307 3216 497 3282 Luterbacher,
515 3216 590 3268 loede
603 3219 672 3267 coiri.
687 3215 778 3279 (leon,
795 3216 828 3266 de
839 3255 844 3267 .
857 3216 902 3266 tn.
917 3213 1042 3282 llubenel
1056 3220 1132 3266 nacto
1145 3214 1187 3278 θ’,
1202 3230 1280 3267 corr.

198 3284 228 3335 0⁴
241 3283 250 3351 ΙΙ
264 3286 279 3337 8
292 3288 351 3336 sunt
365 3281 424 3336 Clll’
445 3299 501 3336 sum
515 3283 554 3334 Μι
565 3283 604 3420 l9
618 3284 755 3335 sustineret
767 3282 815 3348 Μ’,
828 3299 898 3335 corr.
911 3280 951 3333 dP
987 3284 1019 3334 tt
1032 3281 1131 3348 torpide
1143 3282 1281 3349 Lepcim}

198 3355 229 3403 14
249 3352 370 3403 bostisO
395 3352 506 3404 hostiurn
526 3352 556 3403 Μ
600 3354 630 3404 15
656 3365 732 3420 quem
750 3366 784 3404 ne
801 3367 858 3404 cum
877 3366 924 3402 nos
971 3351 1053 3415 adot'g
1079 3366 1157 3418 qnam
1175 3366 1281 3407 nenos

197 3424 287 3485 cum&
313 3434 345 3471 ne
363 3434 442 3486 quum
460 3422 580 3485 nostem.
594 3420 749 3487 quamllnc.
763 3419 844 3472 Gron.
870 3434 918 3471 uec
935 3434 1056 3486 nmquam
1075 3434 1121 3470 nos
1140 3434 1200 3470 cnm
1220 3419 1281 3485 ΟΜ,

191 3494 335 3617 Ιίῗιῶιίφ
350 3488 404 3621 ulla
416 3487 648 3620 appar-renob'pspg
664 3486 674 3555 ΙΙ
696 3487 794 3605 lbfised
817 3491 881 3606 {pse
901 3486 1113 3607 alpesffiddfioffl
1131 3487 1140 3554 Ι
1157 3486 1284 3607 differ}

235 3570 264 3605 oe
309 3572 338 3605 m
438 3570 468 3606 oe
488 3571 529 3608 ere
672 3570 720 3607 con
759 3570 802 3607 ere
885 3571 956 3607 cerr.
1099 3569 1140 3606 ma

196 3626 222 3671 et
238 3638 291 3673 rae.
310 3638 345 3672 ere
371 3622 515 3686 maginifiee
533 3622 628 3689 Μ1123
646 3571 758 3674 consiliig
766 3623 838 3674 OM*
860 3594 966 3674 ’concilii
985 3556 1056 3676 C¹lll¹
1069 3622 1079 3690 fl
1091 3568 1281 3689 penlblooenss,

196 3706 266 3741 corr.
279 3688 320 3739 M²
331 3689 341 3755 11
355 3691 387 3742 29
401 3689 538 3742 immodum
552 3689 603 3742 CM
612 3688 623 3757 ss
635 3693 667 3743 30
680 3696 772 3741 terram
785 3690 833 3755 ll{¹,
846 3705 916 3742 corr.
930 3688 990 3757 ΜἸ
1004 3705 1087 3758 neque
1101 3690 1156 3754 CM,
1169 3706 1224 3743 om,
1237 3695 1260 3756 ς
1271 3692 1283 3757 Ι

196 3772 247 3808 non
265 3762 380 3838 poteram
400 3760 491 3822 neque]
510 3758 656 3823 nequiorem
679 3755 838 3824 Woelfflintt
852 3772 935 3826 neque
948 3778 983 3804 u
997 3772 1130 3824 regressus
1148 3757 1180 3809 nd
1199 3760 1281 3811 nauis

197 3830 252 3875 erat
272 3823 414 3875 Weusenb.
433 3838 516 3889 neque
537 3843 580 3889 n,
599 3838 731 3890 regressus
749 3824 782 3875 ad
799 3840 887 3889 naues,
913 3828 975 3890 (em.
992 3828 1058 3889 erat)
1076 3826 1107 3877 Μ.
1123 3826 1282 3878 ddlueller
