2734 4250
546 854 592 936 Τ.
614 854 752 937 LIVl

436 991 490 1053 as
513 991 633 1054 veru
656 992 859 1056 couniri

552 1175 645 1229 UBER
662 1176 752 1229 xxvi.

196 1313 384 1377 CnFuluius
395 1312 576 1393 Centimalus
591 1314 622 1375 P.
632 1315 781 1395 Sulpicius
794 1314 884 1377 Galba
901 1314 1039 1377 consules
1050 1332 1117 1377 cum
1130 1316 1185 1379 idi·
1202 1322 1220 1377 1

108 1400 167 1463 bus
187 1399 300 1463 Martiis
322 1400 523 1481 magistratum
547 1400 683 1474 inissent,
706 1411 811 1463 senatu
833 1400 864 1461 in
881 1400 1055 1481 Capitolium
1079 1410 1185 1465 uocato

109 1486 147 1547 de
169 1485 361 1566 republica,
383 1485 420 1546 de
441 1485 696 1547 administratione
719 1484 805 1559 belli,
827 1486 864 1547 de
886 1486 1050 1565 prouinciis
1073 1487 1185 1550 exerci-

110 1570 252 1649 tibusque
273 1579 373 1651 patres
396 1570 622 1632 consuluerunt.
668 1571 703 1643 Q.
719 1570 826 1633 Fuluio
849 1573 903 1650 lp.
920 1570 1056 1645 Claudio,
1078 1572 1187 1651 prioris
1208 1580 1223 1630 t

73 1672 89 1721 5
110 1656 182 1717 anni
197 1655 379 1730 consulibus,
395 1665 587 1735 prorogatum
603 1656 760 1735 imperium
776 1665 821 1719 est
835 1664 924 1735 atque
938 1656 1096 1730 exercitus,
1111 1674 1187 1736 quos

112 1739 270 1814 habebant,
292 1740 414 1815 decreti,
436 1740 652 1819 adiectumque,
677 1760 714 1802 ne
732 1760 748 1801 a
764 1740 872 1822 Capua,
896 1758 984 1821 quam
1001 1740 1186 1817 obsidebant,

112 1826 309 1905 apscedercnt
330 1826 414 1905 prius
436 1845 524 1906 quam
547 1837 781 1906 oppugnassent.
826 1846 859 1889 ea
881 1834 943 1889 tum
967 1830 1186 1891 cummaxime
1209 1834 1223 1887 t

112 1911 244 1973 intentos
265 1910 393 1972 babebat
414 1910 574 1984 Romanos,
597 1931 659 1973 uon
676 1908 713 1974 ab
728 1912 771 1973 ira
787 1920 913 1985 tantum,
937 1930 1012 1992 quae
1028 1913 1059 1974 in
1075 1913 1186 1975 nullam

112 2014 254 2075 umquam
277 1996 427 2057 ciuitatem
449 1996 554 2059 iustior
576 1997 642 2071 luit,
666 2016 753 2076 quam
773 1998 851 2077 quod
869 1995 941 2059 urbs
955 2006 1015 2057 mm
1032 1997 1138 2061 nobilis
1153 2017 1187 2062 ac
1208 2006 1223 2057 4

65 2094 93 2147 tt
113 2089 239 2161 potens,
263 2081 341 2144 sicut
362 2081 530 2144 delectione
551 2100 603 2144 sua
626 2090 756 2145 traxerat
778 2082 890 2162 aliquot
911 2082 1053 2162 populos,
1077 2083 1117 2145 ita
1139 2102 1187 2146 re·

113 2177 200 2247 cepta
229 2166 406 2229 inclinatura
434 2185 539 2230 rursus
566 2168 681 2230 animos
704 2167 860 2231 uidebatur
882 2169 916 2228 ad
941 2167 1050 2229 ueteris
1071 2167 1188 2249 imperii

114 2261 293 2332 respectum.
338 2262 368 2314 et
395 2253 582 2333 praetoribus
609 2253 718 2334 prioris
747 2254 818 2315 anni
842 2253 878 2314 bl.
895 2252 981 2313 lunio
1004 2253 1034 2312 iu
1058 2251 1224 2329 Etruria,5

114 2337 147 2398 P.
162 2337 342 2418 Sempronio
365 2339 395 2400 in
412 2338 505 2400 Callia
526 2357 595 2399 cum
617 2339 696 2401 binis
719 2336 895 2418 legionibus,
919 2355 991 2416 quas
1013 2337 1187 2414 habuerant,

113 2432 308 2504 prorogatum
330 2432 375 2485 est
396 2423 569 2504 imperium3
590 2433 784 2504 prorogatum
807 2433 837 2484 et
858 2423 897 2484 ll.
913 2421 1061 2495 Marcello,
1085 2433 1118 2486 ut
1132 2441 1188 2503 pro
1210 2431 1226 2481 u

63 2521 92 2572 15
114 2509 239 2570 consule
269 2508 299 2569 in
323 2508 421 2570 Sicilia
449 2509 563 2588 reliqua
592 2509 662 2570 belli
684 2510 843 2589 perficeret
864 2527 899 2568 eo
923 2507 1070 2582 exercitu,
1099 2527 1188 2588 quem

114 2591 254 2654 baberet:
283 2594 308 2655 si
329 2593 539 2674 supplemento
561 2613 637 2675 opus
658 2603 751 2666 esset,
780 2591 933 2673 suppleret
954 2593 991 2654 de
1012 2591 1189 2672 legionibus,
1211 2604 1226 2653 t

115 2679 226 2757 quibus
253 2678 285 2740 P.
302 2678 457 2741 Cornelius
485 2689 661 2760 propraetor
689 2680 720 2742 in
744 2678 842 2741 Sicilia
864 2687 1029 2758 praeesset,
1058 2679 1127 2740 dum
1152 2698 1189 2741 ne
1211 2687 1226 2738 8

115 2781 205 2842 quem
229 2764 350 2826 militem
369 2764 482 2843 legeret
496 2783 531 2826 cx
546 2784 583 2826 eo
599 2782 735 2840 numero,
758 2763 867 2843 quibus
881 2773 1001 2826 senatus
1017 2763 1187 2827 missionem

115 2849 306 2928 reditumque
328 2849 359 2910 in
381 2849 504 2929 patriam
528 2859 666 2929 negasset
687 2849 840 2912 actebelli
856 2850 955 2912 linem.
1001 2848 1031 2910 C.
1048 2848 1188 2929 Sulpicio,
1210 2856 1225 2907 9

63 2946 93 2999 m
115 2933 163 2995 cui
179 2934 278 2995 Sicilia
293 2943 444 3006 euenerat,
467 2934 541 2996 duae
556 2935 700 3015 legiones,
722 2954 796 3015 quas
811 2935 844 2996 P.
857 2933 1013 2996 Cornelius
1027 2933 1189 3010 habuisset,

115 3018 253 3087 decretae
279 3027 309 3080 et
329 3019 568 3098 supplementum
591 3019 628 3081 de
650 3021 783 3083 exercitu
806 3020 858 3082 Cn.
874 3019 987 3092 Fuluii,
1017 3019 1067 3096 qui
1089 3021 1189 3100 priore

115 3121 196 3166 anno
219 3104 250 3164 in
268 3103 372 3184 Apulia
387 3105 473 3166 foede
487 3123 592 3168 caesus
606 3106 784 3184 fugatusque
799 3112 871 3166 erat.
910 3104 979 3164 huic
995 3105 1099 3183 generi
1113 3104 1189 3165 mili·
1212 3110 1240 3161 tu

116 3197 179 3250 tum
194 3199 316 3252 senatus
330 3190 456 3252 eundem
473 3208 562 3268 quem
578 3189 784 3253 &deensibus
799 3189 888 3250 finem
905 3195 1046 3249 statuerat
1060 3188 1188 3250 militiae.

116 3273 247 3336 additum
270 3275 357 3335 etiam
374 3282 570 3355 utrorumque
585 3275 766 3355 ignominiae
781 3282 835 3348 est,
858 3291 897 3334 ne
912 3272 942 3333 in
960 3271 1075 3353 oppidis
1089 3271 1189 3335 hiber·

200 3441 242 3494 titi
259 3441 315 3494 lluli
331 3441 336 3510 Ι
351 3441 447 3494 aburbe
470 3442 573 3494 condita
588 3442 593 3506 Ι
608 3440 673 3492 liber
695 3455 745 3493 xxu
761 3441 765 3508 Ι
780 3439 874 3509 explic.
895 3438 987 3505 incipit
1003 3435 1007 3507 Ι
1021 3437 1087 3492 liber
1103 3454 1164 3492 xxut
1184 3440 1189 3508 Ι

118 3509 227 3563 leliciter
242 3509 291 3577 Pl
310 3513 322 3562 l
343 3509 503 3562 centumalus
521 3509 650 3576 Sigonius
697 3509 828 3561 tmurtils
845 3509 880 3560 Ρ·
902 3508 990 3560 mertis
1009 3507 1091 3576 P¹l⁷
1110 3523 1192 3576 oppu-

116 3582 242 3645 gunseut
258 3579 283 3631 Ρ
305 3583 497 3646 expugnassent
514 3578 627 3645 §leura
703 3591 789 3629 curam
804 3576 809 3646 1
825 3591 884 3630 cura
902 3575 933 3628 1³¹
946 3575 985 3642 118
1003 3575 1028 3628 iu
1047 3577 1125 3628 ullum
1145 3575 1192 3646 ΡΙ

120 3647 153 3698 ld
175 3645 279 3714 aliquod
296 3645 339 3713 ΡΙ
353 3648 385 3698 12
408 3659 449 3697 res
469 3649 553 3698 ectum
577 3661 612 3697 ese
634 3659 675 3698 res
694 3649 792 3698 ectusm
811 3643 865 3711 ΡἿΙ
887 3645 913 3696 in
931 3645 1025 3695 etruria
1043 3649 1062 3710 ς
1079 3647 1189 3698 netruria

118 3713 253 3767 Petronia
264 3713 319 3782 Pl
334 3715 363 3768 1³
377 3714 403 3765 iu
415 3661 492 3781 galia
502 3713 620 3780 P¹gallia
632 3713 667 3765 12
702 3716 733 3767 ld
746 3725 812 3780 opus
824 3711 857 3764 Ρ
865 3727 913 3780 pus
926 3710 979 3774 P'l
994 3715 1024 3764 l'l
1038 3719 1143 3782 propi.
1154 3713 1192 3782 ΡΙΙ

120 3783 153 3834 ts
170 3782 280 3850 sulpicio
297 3787 318 3848 ς
334 3781 414 3850 popio
432 3779 476 3850 Pp
487 3783 520 3835 22
538 3781 629 3834 loedae
646 3783 670 3834 P
702 3783 735 3836 24
753 3781 933 3849 ignominiam
951 3781 975 3831 P

171 3880 290 3926 cruore
1024 3865 1035 3914 t
