2734 4250
213 82 273 142 112
587 80 681 133 LIBER
698 80 798 147 xxvix,
816 83 857 136 38.
876 83 908 135 39
1141 108 1161 141 ι,
1177 108 1200 143 ιι,
1215 106 1238 139 s.
1254 97 1294 139 sat

211 254 332 328 babere,
354 255 425 315 darc
447 254 555 316 milites
575 252 731 334 cogebant.
769 251 877 332 quibos
892 251 1099 315 recusantibus
1114 252 1236 315 edixere
1261 253 1296 314 in

213 341 290 401 diem
319 350 447 414 certam,
476 349 525 412 ut,
552 357 612 417 quo
639 339 766 417 quisquo
788 338 853 399 iure
875 338 1062 399 uacationem
1085 336 1223 411 baberet,
1257 339 1297 399 ad

174 433 346 487 coenatum
375 424 512 485 doiorrot.
556 442 590 485 ea
619 422 666 485 dic
695 422 732 483 ad
760 433 896 485 senatum
930 423 959 484 bi
989 423 1092 502 populi
1120 431 1295 485 uenerunt:

214 508 359 571 Ostiensis
376 508 518 571 Alsiensis
540 509 641 571 Antias
664 508 823 570 Anxurnas
846 508 1068 570 Menturnensis
1090 506 1298 569 Sinuessanus

176 604 242 655 tet
273 594 309 655 ab
337 612 447 672 soporo
476 595 550 655 mari
581 594 732 655 Senensis.
777 611 846 654 cum
875 594 1047 655 uacationes
1073 610 1142 655 suas
1164 592 1337 672 quisquae

213 679 343 759 populus
364 679 517 752 recitaret,
541 678 667 752 nullius,
694 695 762 739 cum
784 678 815 739 in
840 677 922 739 ltalia
943 678 1035 739 bostis
1057 686 1149 752 esset,
1172 686 1297 757 praeter

213 764 360 825 Antiatem
383 764 611 843 Ostiensemque
633 763 749 824 uacatio
772 761 930 823 obseruata
951 771 1006 836 est,
1032 770 1185 823 eteorum
1209 762 1297 823 oolo-

213 849 329 910 niarum
356 848 490 911 iuniores
510 848 577 909 iure
599 848 725 910 iurando
748 846 859 920 adacti,
887 865 976 927 supra
999 847 1061 909 dies
1082 847 1204 927 triginta
1228 866 1296 909 uon

214 942 441 1014 pernoctaturos
456 953 487 996 se
503 952 567 995 esse
583 942 664 995 extro
679 931 798 994 moenia
820 932 954 994 coloniae
977 950 1057 1007 suae,
1080 932 1176 994 donec
1198 932 1297 995 bostis

214 1018 348 1080 initalia
372 1026 458 1080 esset.
1321 1026 1349 1077 to

175 1113 192 1163 1
298 1103 371 1166 Cum
390 1120 495 1165 omues
516 1110 676 1164 censerent
697 1102 793 1182 primo
816 1119 936 1180 quoque
958 1110 1094 1183 tempore
1115 1099 1297 1163 consulibus

213 1187 346 1250 eundum
373 1186 409 1249 ad
432 1186 542 1249 bellum
564 1221 606 1233 -
628 1205 698 1248 nam
725 1196 761 1247 et
777 1186 950 1248 Hasdrubali
979 1186 1198 1248 occurrendum
1226 1204 1295 1249 esse

214 1273 406 1335 descendenti
437 1271 473 1333 ab
496 1272 635 1351 Alpibus,
664 1290 703 1333 no
726 1270 825 1333 GaHos
847 1271 1013 1351 Cisalpinos
1041 1290 1119 1333 neue
1141 1269 1295 1333 Etruriam

177 1368 192 1416 1
214 1368 342 1419 erectam
371 1358 404 1419 in
426 1375 510 1438 spem
532 1376 634 1419 rerum
656 1374 802 1418 nouarum
826 1356 1012 1429 sollicitaret,
1042 1364 1072 1417 et
1096 1355 1296 1417 Hannibalem

215 1462 269 1505 suo
285 1443 407 1523 proprio
431 1441 636 1522 occupandum
658 1442 746 1515 bello,
771 1460 810 1503 nc
832 1460 984 1521 emergere
1008 1460 1042 1502 ex
1059 1440 1182 1502 Bruttiis
1203 1450 1297 1521 atque
1319 1448 1344 1501 tt

215 1527 333 1588 obuiam
356 1528 400 1587 ire
413 1527 497 1589 fratri
519 1537 620 1606 posset
642 1560 693 1599 -,
715 1526 819 1588 Liuius
841 1525 1046 1599 cunctabatur,
1067 1544 1173 1605 parum
1196 1526 1295 1589 fideus

176 1621 192 1673 8
213 1629 333 1673 suarum
355 1613 578 1690 prouinciarum
595 1610 789 1673 exercitibus:
814 1612 968 1690 conlegam
991 1628 1027 1671 ex
1048 1610 1165 1672 duobus
1180 1628 1295 1673 consu·

215 1695 326 1757 laribus
347 1697 474 1775 egregiis
495 1697 674 1758 exercitibus
697 1706 726 1756 et
747 1696 851 1769 tertio,
880 1697 928 1757 cui
951 1696 987 1767 Q.
1011 1696 1148 1757 Claudius
1169 1694 1294 1758 Tarenti

214 1790 374 1859 praeesset,
397 1781 574 1842 electionem
589 1780 715 1857 babere;
737 1780 938 1860 intuleratque
954 1781 1135 1841 mentionem
1153 1780 1191 1841 de
1206 1781 1293 1842 uolo-

177 1875 194 1927 a
216 1862 305 1926 nibus
319 1866 495 1928 reuocandis
516 1867 551 1926 ad
566 1866 660 1945 signa.
705 1873 824 1927 senatus
838 1864 960 1927 liberam
983 1874 1157 1945 potestatem
1181 1884 1294 1928 consu·
1315 1874 1339 1925 a

215 1948 294 2011 libus
311 1950 381 2011 lecit
402 1960 432 2011 ct
452 1950 621 2030 supplendi,
644 1950 723 2013 unde
747 1949 868 2023 uellent,
891 1957 921 2011 et
942 1950 1070 2029 eligendi
1092 1950 1128 2010 de
1151 1950 1293 2013 omnibus

215 2034 401 2109 exercitibus,
426 2053 502 2115 quos
516 2036 637 2110 uellent,
660 2036 909 2116 permutandique
930 2043 961 2096 ct
982 2054 1017 2095 cx
1032 2035 1207 2116 prouinciis,
1232 2054 1292 2115 quo

164 2129 193 2181 tu
214 2136 232 2179 e
246 2139 279 2181 re
293 2120 413 2201 publica
427 2131 587 2183 censerent
602 2140 676 2196 csse,
699 2119 882 2184 traducendi.
920 2139 953 2182 ea
969 2121 1067 2182 omnia
1090 2138 1157 2182 cum
1176 2139 1292 2183 summa

214 2205 376 2268 concordia
391 2208 547 2268 consulum
563 2215 636 2267 acta.
666 2206 792 2269 uolones
807 2207 837 2267 in
853 2206 1127 2267 undeuicensimam
1142 2214 1173 2266 et
1188 2205 1292 2268 uicen-

164 2298 192 2350 tt
214 2291 317 2352 simam
333 2291 467 2369 legiones
481 2292 592 2370 scripti.
629 2291 730 2370 magni
746 2290 863 2352 roboris
878 2290 983 2352 auxilia
1001 2309 1037 2352 ex
1053 2291 1194 2370 Hispania
1216 2309 1294 2370 quo-
1314 2299 1340 2351 tt

215 2393 310 2454 quea
333 2376 366 2437 Ρ.
381 2376 522 2454 Scipione
544 2376 582 2437 tt.
599 2375 684 2437 binio
706 2377 794 2438 missa
825 2375 943 2455 quidam
972 2376 1007 2437 ad
1035 2375 1065 2436 id
1087 2375 1197 2437 bellum
1220 2393 1293 2440 auc-

215 2468 295 2522 tores
317 2470 404 2534 sunt,
427 2470 494 2522 octo
517 2461 596 2522 milia
619 2460 819 2542 Hispanorum
843 2459 1054 2540 Gallorumque
1077 2469 1106 2520 et
1128 2460 1188 2521 duo
1211 2461 1293 2524 milia

215 2543 252 2604 dc
274 2545 391 2623 legione
412 2545 549 2617 militum,
570 2547 703 2625 equitum
726 2545 815 2620 mille,
838 2545 945 2606 mixtos
965 2545 1106 2606 Numidas
1127 2545 1293 2624 Hispanos·

163 2637 193 2688 tt
214 2647 283 2708 quc,
299 2629 337 2690 bl.
351 2630 521 2692 Lucretium
533 2631 585 2692 bas
595 2631 696 2710 copias
708 2629 835 2692 nauibus
846 2628 1016 2704 aduexissc;
1032 2638 1060 2690 ct
1071 2629 1293 2709 sagittariorum

215 2713 461 2794 tonditoromque
483 2715 519 2775 ad
541 2716 597 2776 tria
618 2715 698 2776 milia
721 2733 756 2776 ox
779 2713 876 2776 Siciba
900 2715 930 2776 C.
954 2714 1113 2776 blamilium
1135 2714 1261 2777 misisse.
1293 2724 1344 2776 -tt

163 2801 201 2858 39
303 2798 458 2860 Auxerunt
473 2799 582 2861 llomae
603 2801 762 2862 tumultum
785 2799 900 2862 litterae
922 2817 957 2860 ex
973 2799 1065 2861 Galba
1079 2799 1182 2860 allatae
1205 2799 1242 2860 ab
1259 2800 1292 2862 t.

178 2883 193 2934 2
215 2881 322 2942 Porcio
343 2892 496 2961 praetore:
520 2884 732 2946 Hasdrubalem
750 2885 878 2946 mouisse
893 2902 929 2945 ex
944 2883 1077 2946 bibernis
1092 2892 1122 2945 et
1136 2884 1194 2946 iam
1210 2885 1293 2964 Alpis

214 2967 357 3041 transirc;
381 2976 448 3029 octo
465 2969 543 3030 milia
558 2969 703 3048 Ligurum
719 2970 887 3049 conscripto
909 2977 1077 3049 mutataque
1093 2970 1293 3031 coniunctura

282 3135 298 3186 3
316 3133 476 3188 aduerterunt
493 3134 582 3204 2¹14
599 3151 709 3188 anxurus
727 3135 762 3188 Ρ1
773 3136 784 3202 1
795 3136 977 3188 minturnensis
993 3137 1030 3187 Σ*
1048 3135 1236 3188 nenturneosis
1254 3135 1292 3189 al-

214 3201 307 3254 siensis
325 3202 396 3271 Ρ19
414 3218 472 3256 esse
489 3205 535 3266 ΣΙ,
557 3219 608 3256 om.
626 3205 669 3272 ΡΙ
688 3207 720 3256 13
743 3203 845 3271 alpibus
864 3203 902 3254 >P
923 3203 995 3255 altib.
1013 3203 1056 3272 ΡΙ
1074 3203 1227 3271 cissalpinos
1245 3203 1293 3270 ΡΙ

96 3281 99 3284 ’
216 3272 247 3324 ld
266 3284 395 3338 emergere
413 3272 592 3338 Pemergeret
610 3272 670 3339 ΣἸ
687 3275 717 3325 ts
735 3287 786 3339 que
803 3271 919 3323 claudius
936 3271 1028 3339 Ρ119
1048 3271 1153 3323 baberet
1170 3269 1293 3324 intulera-

214 3353 266 3405 qoe
288 3339 330 3402 ΡΙ
343 3340 376 3392 20
399 3345 505 3392 senatos
528 3337 600 3390 ΡΨ
620 3347 692 3393 sotus
710 3339 743 3390 Ρ1
761 3339 816 3406 121
839 3343 867 3390 et
884 3343 912 3404 ς,
938 3355 988 3392 om.
1011 3339 1071 3391 ΡΣ·
1082 3339 1093 3406 Ι
1105 3353 1157 3406 qno
1180 3339 1292 3406 Madvig

213 3421 280 3472 quos
298 3407 322 3456 P
335 3421 400 3473 quos
417 3407 463 3458 uel
496 3407 522 3458 ui
540 3406 645 3473 Σᾛθ
668 3423 699 3460 ca
718 3407 764 3470 ΣΡ,
789 3421 838 3458 om.
855 3407 898 3474 Ρ1
917 3421 1014 3459 somma
1039 3407 1111 3458 ΡΣ·
1134 3421 1291 3459 sumturum

213 3472 245 3523 P¹
260 3470 316 3553 124
332 3475 441 3527 uolones
497 3473 537 3525 Σ1
553 3475 626 3529 noles
644 3475 677 3526 Ρι
690 3476 700 3543 1
712 3475 946 3528 undeuicensimam
964 3475 1005 3541 ΡΙ,
1022 3490 1063 3527 am
1081 3491 1098 3526 a
1110 3473 1144 3526 Ρ·
1160 3490 1243 3541 super
1259 3475 1290 3528 de

213 3546 345 3604 amptum
361 3558 471 3593 rursum
488 3559 603 3605 amman,
623 3542 841 3596 undeuicesimum
859 3541 958 3610 ,11111
973 3559 1007 3595 xx
1025 3543 1066 3611 ΡΙ
1085 3544 1118 3596 211
1136 3542 1235 3594 roboris
1254 3543 1291 3594 Ρ

215 3606 281 3656 roris
297 3608 385 3671 Pras
403 3611 665 3675 1111111111.»ῃῖ
684 3611 955 3678 milliaPletPad
975 3609 1171 3678 MmilliaP
1203 3609 1291 3664 ttiu-

215 3671 317 3750 uexisse
339 3676 381 3724 2¹
402 3675 538 3730 adduxisse
561 3677 659 3747 Ρ130
676 3695 714 3735 oo
733 3695 769 3734 oo
786 3695 822 3732 oo
840 3680 864 3729 P
877 3691 915 3729 xm
937 3678 1007 3730 milia
1032 3677 1090 3746 ὶἾ
1104 3681 1134 3732 at
1160 3691 1173 3728 a
1196 3683 1254 3730 atae
1271 3681 1294 3730 P

215 3752 293 3790 misse
305 3741 342 3788 Σ*
353 3740 364 3808 Ι
377 3744 410 3795 at
422 3745 511 3809 porcio
524 3746 562 3795 Σ
578 3747 675 3813 populo
688 3746 729 3815 ΡΙ
743 3746 810 3813 alpis
824 3745 860 3796 Σ
878 3746 950 3814 alpes
968 3745 1010 3814 ΡΙ
1023 3747 1055 3800 33
1075 3745 1155 3798 millia
1173 3745 1217 3812 ΡΙ
1229 3761 1289 3800 con·
