<?xml version="1.0" encoding="UTF-8"?>
<!DOCTYPE html PUBLIC "-//W3C//DTD XHTML 1.0 Transitional//EN"
    "http://www.w3.org/TR/xhtml1/DTD/xhtml1-transitional.dtd">
<html xmlns="http://www.w3.org/1999/xhtml" xml:lang="en" lang="en">
 <head>
  <title>
</title>
<meta http-equiv="Content-Type" content="text/html;charset=utf-8" />
  <meta name='ocr-system' content='tesseract 3.04.00' />
  <meta name='ocr-capabilities' content='ocr_page ocr_carea ocr_par ocr_line ocrx_word'/>
</head>
<body>
  <div class='ocr_page' id='page_1' title='image "./aburbeconditali00paasgoog_0284.png"; bbox 0 0 2734 4250; ppageno 0'>
   <div class='ocr_carea' id='block_1_1' title="bbox 196 131 1279 197">
    <p class='ocr_par' dir='ltr' id='par_1_1' title="bbox 196 131 1279 197">
     <span class='ocr_line' id='line_1_1' title="bbox 196 131 1279 197; baseline 0.009 -13"><span class='ocrx_word' id='word_1_1' title='bbox 196 134 258 193; x_wconf 82' lang='lat'><strong>270</strong></span> <span class='ocrx_word' id='word_1_2' title='bbox 587 132 680 185; x_wconf 78' lang='lat' dir='ltr'><strong>LlBEll</strong></span> <span class='ocrx_word' id='word_1_3' title='bbox 699 131 777 197; x_wconf 79' lang='lat' dir='ltr'><strong>xxv,</strong></span> <span class='ocrx_word' id='word_1_4' title='bbox 796 136 837 188; x_wconf 87' lang='grc'><strong>23.</strong></span> <span class='ocrx_word' id='word_1_5' title='bbox 851 135 884 187; x_wconf 81' lang='grc'><strong>24</strong></span> <span class='ocrx_word' id='word_1_6' title='bbox 1139 162 1160 194; x_wconf 84' lang='lat' dir='ltr'><strong>a.</strong></span> <span class='ocrx_word' id='word_1_7' title='bbox 1172 160 1194 192; x_wconf 85' lang='grc' dir='ltr'><strong>ιι.</strong></span> <span class='ocrx_word' id='word_1_8' title='bbox 1205 160 1226 193; x_wconf 83' lang='lat' dir='ltr'><strong>a.</strong></span> <span class='ocrx_word' id='word_1_9' title='bbox 1236 153 1279 194; x_wconf 74' lang='lat'><strong>542</strong></span> 
     </span>
    </p>
   </div>
   <div class='ocr_carea' id='block_1_2' title="bbox 122 305 1365 2944">
    <p class='ocr_par' dir='ltr' id='par_1_2' title="bbox 122 305 1279 471">
     <span class='ocr_line' id='line_1_2' title="bbox 195 305 1278 386; baseline -0.001 -17"><span class='ocrx_word' id='word_1_10' title='bbox 195 326 267 369; x_wconf 91' lang='lat' dir='ltr'><strong>cura</strong></span> <span class='ocrx_word' id='word_1_11' title='bbox 290 315 353 367; x_wconf 91' lang='lat' dir='ltr'><strong>erat</strong></span> <span class='ocrx_word' id='word_1_12' title='bbox 374 307 498 386; x_wconf 85' lang='lat' dir='ltr'><strong>ingens,</strong></span> <span class='ocrx_word' id='word_1_13' title='bbox 527 325 583 367; x_wconf 89' lang='lat' dir='ltr'><strong>neo</strong></span> <span class='ocrx_word' id='word_1_14' title='bbox 606 305 710 367; x_wconf 91' lang='lat' dir='ltr'><strong>abnuit</strong></span> <span class='ocrx_word' id='word_1_15' title='bbox 732 305 903 379; x_wconf 81' lang='lat' dir='ltr'><strong>Marcellus,</strong></span> <span class='ocrx_word' id='word_1_16' title='bbox 927 307 983 367; x_wconf 92' lang='lat' dir='ltr'><strong>iam</strong></span> <span class='ocrx_word' id='word_1_17' title='bbox 1006 314 1069 367; x_wconf 91' lang='lat' dir='ltr'><strong>tum</strong></span> <span class='ocrx_word' id='word_1_18' title='bbox 1092 306 1278 379; x_wconf 75' lang='lat' dir='ltr'><strong>Aetolorum,</strong></span> 
     </span>
     <span class='ocr_line' id='line_1_3' title="bbox 122 390 1279 471; baseline 0 -18"><span class='ocrx_word' id='word_1_19' title='bbox 122 390 124 394; x_wconf 71' lang='grc'>’</span> <span class='ocrx_word' id='word_1_20' title='bbox 196 391 304 471; x_wconf 91' lang='lat' dir='ltr'><strong>quibus</strong></span> <span class='ocrx_word' id='word_1_21' title='bbox 325 392 398 453; x_wconf 87' lang='lat' dir='ltr'><strong>socii</strong></span> <span class='ocrx_word' id='word_1_22' title='bbox 422 391 647 453; x_wconf 88' lang='lat' dir='ltr'><strong>Lacedaemonii</strong></span> <span class='ocrx_word' id='word_1_23' title='bbox 670 399 770 463; x_wconf 89' lang='lat' dir='ltr'><strong>erant,</strong></span> <span class='ocrx_word' id='word_1_24' title='bbox 797 392 954 452; x_wconf 77' lang='lat' dir='ltr'><strong>amicitiam</strong></span> <span class='ocrx_word' id='word_1_25' title='bbox 976 391 1192 453; x_wconf 75' lang='lat' dir='ltr'><strong>adfectantibus</strong></span> <span class='ocrx_word' id='word_1_26' title='bbox 1215 392 1279 453; x_wconf 86' lang='lat' dir='ltr'><strong>llo-</strong></span> 
     </span>
    </p>

    <p class='ocr_par' dir='ltr' id='par_1_3' title="bbox 145 475 1279 642">
     <span class='ocr_line' id='line_1_4' title="bbox 145 475 1279 555; baseline 0.002 -18"><span class='ocrx_word' id='word_1_27' title='bbox 145 486 173 537; x_wconf 88' lang='lat'><strong>10</strong></span> <span class='ocrx_word' id='word_1_28' title='bbox 195 478 298 539; x_wconf 88' lang='lat' dir='ltr'><strong>manis.</strong></span> <span class='ocrx_word' id='word_1_29' title='bbox 349 478 385 537; x_wconf 92' lang='lat' dir='ltr'><strong>ad</strong></span> <span class='ocrx_word' id='word_1_30' title='bbox 416 477 609 555; x_wconf 83' lang='lat' dir='ltr'><strong>conloquium</strong></span> <span class='ocrx_word' id='word_1_31' title='bbox 638 475 676 537; x_wconf 87' lang='lat' dir='ltr'><strong>de</strong></span> <span class='ocrx_word' id='word_1_32' title='bbox 704 475 910 555; x_wconf 81' lang='lat' dir='ltr'><strong>redemptione</strong></span> <span class='ocrx_word' id='word_1_33' title='bbox 943 478 1006 537; x_wconf 90' lang='lat' dir='ltr'><strong>eius</strong></span> <span class='ocrx_word' id='word_1_34' title='bbox 1035 477 1131 539; x_wconf 89' lang='lat' dir='ltr'><strong>missis</strong></span> <span class='ocrx_word' id='word_1_35' title='bbox 1160 478 1279 539; x_wconf 88' lang='lat' dir='ltr'><strong>medius</strong></span> 
     </span>
     <span class='ocr_line' id='line_1_5' title="bbox 195 554 1278 642; baseline 0 -19"><span class='ocrx_word' id='word_1_36' title='bbox 195 563 320 623; x_wconf 90' lang='lat' dir='ltr'><strong>maxime</strong></span> <span class='ocrx_word' id='word_1_37' title='bbox 335 573 424 640; x_wconf 92' lang='lat' dir='ltr'><strong>atque</strong></span> <span class='ocrx_word' id='word_1_38' title='bbox 439 562 573 641; x_wconf 92' lang='lat' dir='ltr'><strong>utrisque</strong></span> <span class='ocrx_word' id='word_1_39' title='bbox 588 570 779 642; x_wconf 91' lang='lat' dir='ltr'><strong>opportunus</strong></span> <span class='ocrx_word' id='word_1_40' title='bbox 793 562 877 623; x_wconf 88' lang='lat' dir='ltr'><strong>locus</strong></span> <span class='ocrx_word' id='word_1_41' title='bbox 899 563 934 622; x_wconf 92' lang='lat' dir='ltr'><strong>ad</strong></span> <span class='ocrx_word' id='word_1_42' title='bbox 949 570 1069 641; x_wconf 91' lang='lat' dir='ltr'><strong>portum</strong></span> <span class='ocrx_word' id='word_1_43' title='bbox 1085 554 1278 641; x_wconf 80' lang='lat' dir='ltr'><strong>Trogilorum</strong></span> 
     </span>
    </p>

    <p class='ocr_par' dir='ltr' id='par_1_4' title="bbox 145 646 1319 898">
     <span class='ocr_line' id='line_1_6' title="bbox 145 646 1319 728; baseline 0.001 -21"><span class='ocrx_word' id='word_1_44' title='bbox 145 656 174 707; x_wconf 89' lang='lat'><strong>11</strong></span> <span class='ocrx_word' id='word_1_45' title='bbox 198 658 322 728; x_wconf 91' lang='lat' dir='ltr'><strong>propter</strong></span> <span class='ocrx_word' id='word_1_46' title='bbox 343 648 459 719; x_wconf 88' lang='lat' dir='ltr'><strong>turrim,</strong></span> <span class='ocrx_word' id='word_1_47' title='bbox 482 666 570 726; x_wconf 92' lang='lat' dir='ltr'><strong>quam</strong></span> <span class='ocrx_word' id='word_1_48' title='bbox 593 658 706 708; x_wconf 92' lang='lat' dir='ltr'><strong>uocant</strong></span> <span class='ocrx_word' id='word_1_49' title='bbox 728 646 907 725; x_wconf 80' lang='lat' dir='ltr'><strong>Galeagram,</strong></span> <span class='ocrx_word' id='word_1_50' title='bbox 931 656 976 709; x_wconf 91' lang='lat' dir='ltr'><strong>est</strong></span> <span class='ocrx_word' id='word_1_51' title='bbox 997 648 1089 709; x_wconf 91' lang='lat' dir='ltr'><strong>uisus.</strong></span> <span class='ocrx_word' id='word_1_52' title='bbox 1130 665 1279 726; x_wconf 87' lang='lat' dir='ltr'><strong>quocum</strong></span> <span class='ocrx_word' id='word_1_53' title='bbox 1302 660 1319 708; x_wconf 85' lang='lat'><strong>5</strong></span> 
     </span>
     <span class='ocr_line' id='line_1_7' title="bbox 196 732 1279 813; baseline 0 -20"><span class='ocrx_word' id='word_1_54' title='bbox 196 733 314 813; x_wconf 89' lang='lat' dir='ltr'><strong>saepius</strong></span> <span class='ocrx_word' id='word_1_55' title='bbox 335 739 550 806; x_wconf 81' lang='lat' dir='ltr'><strong>commearent,</strong></span> <span class='ocrx_word' id='word_1_56' title='bbox 578 750 659 794; x_wconf 90' lang='lat' dir='ltr'><strong>unus</strong></span> <span class='ocrx_word' id='word_1_57' title='bbox 681 750 718 793; x_wconf 89' lang='lat' dir='ltr'><strong>ex</strong></span> <span class='ocrx_word' id='word_1_58' title='bbox 740 732 882 793; x_wconf 86' lang='lat' dir='ltr'><strong>Romanis</strong></span> <span class='ocrx_word' id='word_1_59' title='bbox 903 750 939 793; x_wconf 91' lang='lat' dir='ltr'><strong>ex</strong></span> <span class='ocrx_word' id='word_1_60' title='bbox 961 733 1133 813; x_wconf 89' lang='lat' dir='ltr'><strong>propinquo</strong></span> <span class='ocrx_word' id='word_1_61' title='bbox 1155 750 1279 793; x_wconf 91' lang='lat' dir='ltr'><strong>murum</strong></span> 
     </span>
     <span class='ocr_line' id='line_1_8' title="bbox 197 816 1279 898; baseline 0 -20"><span class='ocrx_word' id='word_1_62' title='bbox 197 818 419 898; x_wconf 90' lang='lat' dir='ltr'><strong>contemplans,</strong></span> <span class='ocrx_word' id='word_1_63' title='bbox 449 818 633 879; x_wconf 90' lang='lat' dir='ltr'><strong>numerando</strong></span> <span class='ocrx_word' id='word_1_64' title='bbox 660 816 773 896; x_wconf 90' lang='lat' dir='ltr'><strong>lapides</strong></span> <span class='ocrx_word' id='word_1_65' title='bbox 800 818 1042 897; x_wconf 89' lang='lat' dir='ltr'><strong>aestimandoque</strong></span> <span class='ocrx_word' id='word_1_66' title='bbox 1070 818 1133 897; x_wconf 87' lang='lat' dir='ltr'><strong>ipse</strong></span> <span class='ocrx_word' id='word_1_67' title='bbox 1163 836 1279 891; x_wconf 87' lang='lat' dir='ltr'><strong>seeum,</strong></span> 
     </span>
    </p>

    <p class='ocr_par' dir='ltr' id='par_1_5' title="bbox 145 901 1336 1151">
     <span class='ocr_line' id='line_1_9' title="bbox 145 901 1279 982; baseline -0.001 -18"><span class='ocrx_word' id='word_1_68' title='bbox 145 913 174 964; x_wconf 85' lang='grc'><strong>11</strong></span> <span class='ocrx_word' id='word_1_69' title='bbox 195 903 265 981; x_wconf 93' lang='lat' dir='ltr'><strong>quid</strong></span> <span class='ocrx_word' id='word_1_70' title='bbox 294 903 325 963; x_wconf 93' lang='lat' dir='ltr'><strong>in</strong></span> <span class='ocrx_word' id='word_1_71' title='bbox 348 904 446 964; x_wconf 86' lang='lat' dir='ltr'><strong>ironte</strong></span> <span class='ocrx_word' id='word_1_72' title='bbox 474 911 611 982; x_wconf 91' lang='lat' dir='ltr'><strong>paterent</strong></span> <span class='ocrx_word' id='word_1_73' title='bbox 637 901 762 981; x_wconf 88' lang='lat' dir='ltr'><strong>singuli,</strong></span> <span class='ocrx_word' id='word_1_74' title='bbox 792 902 977 964; x_wconf 88' lang='lat' dir='ltr'><strong>altitudinem</strong></span> <span class='ocrx_word' id='word_1_75' title='bbox 1006 903 1100 977; x_wconf 91' lang='lat' dir='ltr'><strong>muri,</strong></span> <span class='ocrx_word' id='word_1_76' title='bbox 1129 912 1279 981; x_wconf 90' lang='lat' dir='ltr'><strong>quantum</strong></span> 
     </span>
     <span class='ocr_line' id='line_1_10' title="bbox 196 988 1279 1067; baseline 0.001 -19"><span class='ocrx_word' id='word_1_77' title='bbox 196 988 329 1067; x_wconf 81' lang='lat' dir='ltr'><strong>proxime</strong></span> <span class='ocrx_word' id='word_1_78' title='bbox 344 989 514 1049; x_wconf 90' lang='lat' dir='ltr'><strong>coniectura</strong></span> <span class='ocrx_word' id='word_1_79' title='bbox 528 997 655 1067; x_wconf 91' lang='lat' dir='ltr'><strong>poterat,</strong></span> <span class='ocrx_word' id='word_1_80' title='bbox 670 1006 847 1066; x_wconf 82' lang='lat' dir='ltr'><strong>permensus</strong></span> <span class='ocrx_word' id='word_1_81' title='bbox 862 988 1109 1067; x_wconf 90' lang='lat' dir='ltr'><strong>humilioremque</strong></span> <span class='ocrx_word' id='word_1_82' title='bbox 1124 988 1279 1067; x_wconf 89' lang='lat' dir='ltr'><strong>aliquanto</strong></span> 
     </span>
     <span class='ocr_line' id='line_1_11' title="bbox 196 1074 1336 1151; baseline 0.004 -19"><span class='ocrx_word' id='word_1_83' title='bbox 196 1074 322 1151; x_wconf 86' lang='lat' dir='ltr'><strong>pristina</strong></span> <span class='ocrx_word' id='word_1_84' title='bbox 344 1074 487 1151; x_wconf 92' lang='lat' dir='ltr'><strong>opinione</strong></span> <span class='ocrx_word' id='word_1_85' title='bbox 509 1092 562 1134; x_wconf 90' lang='lat' dir='ltr'><strong>sua</strong></span> <span class='ocrx_word' id='word_1_86' title='bbox 584 1081 614 1133; x_wconf 89' lang='lat' dir='ltr'><strong>et</strong></span> <span class='ocrx_word' id='word_1_87' title='bbox 635 1081 804 1134; x_wconf 90' lang='lat' dir='ltr'><strong>ceterorum</strong></span> <span class='ocrx_word' id='word_1_88' title='bbox 832 1074 965 1134; x_wconf 91' lang='lat' dir='ltr'><strong>omnium</strong></span> <span class='ocrx_word' id='word_1_89' title='bbox 988 1082 1069 1135; x_wconf 90' lang='lat' dir='ltr'><strong>ratus</strong></span> <span class='ocrx_word' id='word_1_90' title='bbox 1091 1092 1154 1135; x_wconf 86' lang='lat' dir='ltr'><strong>esse</strong></span> <span class='ocrx_word' id='word_1_91' title='bbox 1177 1084 1204 1133; x_wconf 95' lang='lat' dir='ltr'><strong>et</strong></span> <span class='ocrx_word' id='word_1_92' title='bbox 1229 1074 1281 1133; x_wconf 91' lang='lat' dir='ltr'><strong>uel</strong></span> <span class='ocrx_word' id='word_1_93' title='bbox 1305 1085 1336 1137; x_wconf 86' lang='lat' dir='ltr'><strong>tb</strong></span> 
     </span>
    </p>

    <p class='ocr_par' dir='ltr' id='par_1_6' title="bbox 146 1158 1278 1324">
     <span class='ocr_line' id='line_1_12' title="bbox 146 1158 1278 1237; baseline 0.002 -22"><span class='ocrx_word' id='word_1_94' title='bbox 146 1165 173 1216; x_wconf 81' lang='lat' dir='ltr'><strong>ta</strong></span> <span class='ocrx_word' id='word_1_95' title='bbox 195 1158 395 1220; x_wconf 85' lang='lat' dir='ltr'><strong>mediocribus</strong></span> <span class='ocrx_word' id='word_1_96' title='bbox 409 1159 495 1221; x_wconf 89' lang='lat' dir='ltr'><strong>scalis</strong></span> <span class='ocrx_word' id='word_1_97' title='bbox 509 1158 717 1237; x_wconf 81' lang='lat' dir='ltr'><strong>superabilem,</strong></span> <span class='ocrx_word' id='word_1_98' title='bbox 741 1158 775 1218; x_wconf 91' lang='lat' dir='ltr'><strong>ad</strong></span> <span class='ocrx_word' id='word_1_99' title='bbox 792 1158 961 1220; x_wconf 86' lang='lat' dir='ltr'><strong>blarcellum</strong></span> <span class='ocrx_word' id='word_1_100' title='bbox 978 1177 1040 1219; x_wconf 90' lang='lat' dir='ltr'><strong>rem</strong></span> <span class='ocrx_word' id='word_1_101' title='bbox 1056 1159 1160 1220; x_wconf 82' lang='lat' dir='ltr'><strong>delent.</strong></span> <span class='ocrx_word' id='word_1_102' title='bbox 1198 1158 1278 1219; x_wconf 92' lang='lat' dir='ltr'><strong>haud</strong></span> 
     </span>
     <span class='ocr_line' id='line_1_13' title="bbox 195 1243 1278 1324; baseline 0 -20"><span class='ocrx_word' id='word_1_103' title='bbox 195 1244 364 1323; x_wconf 88' lang='lat' dir='ltr'><strong>spernenda</strong></span> <span class='ocrx_word' id='word_1_104' title='bbox 385 1244 459 1305; x_wconf 90' lang='lat' dir='ltr'><strong>uisa.</strong></span> <span class='ocrx_word' id='word_1_105' title='bbox 495 1244 545 1305; x_wconf 90' lang='lat' dir='ltr'><strong>sed</strong></span> <span class='ocrx_word' id='word_1_106' title='bbox 569 1262 636 1304; x_wconf 91' lang='lat' dir='ltr'><strong>cum</strong></span> <span class='ocrx_word' id='word_1_107' title='bbox 659 1243 733 1304; x_wconf 91' lang='lat' dir='ltr'><strong>adiri</strong></span> <span class='ocrx_word' id='word_1_108' title='bbox 749 1244 840 1317; x_wconf 88' lang='lat' dir='ltr'><strong>locus,</strong></span> <span class='ocrx_word' id='word_1_109' title='bbox 863 1244 931 1322; x_wconf 91' lang='lat' dir='ltr'><strong>quia</strong></span> <span class='ocrx_word' id='word_1_110' title='bbox 955 1243 995 1305; x_wconf 92' lang='lat' dir='ltr'><strong>ob</strong></span> <span class='ocrx_word' id='word_1_111' title='bbox 1018 1244 1045 1305; x_wconf 94' lang='lat' dir='ltr'><strong>id</strong></span> <span class='ocrx_word' id='word_1_112' title='bbox 1063 1244 1160 1324; x_wconf 89' lang='lat' dir='ltr'><strong>ipsum</strong></span> <span class='ocrx_word' id='word_1_113' title='bbox 1176 1243 1278 1304; x_wconf 82' lang='lat' dir='ltr'><strong>inten-</strong></span> 
     </span>
    </p>

    <p class='ocr_par' dir='ltr' id='par_1_7' title="bbox 147 1328 1334 1666">
     <span class='ocr_line' id='line_1_14' title="bbox 147 1328 1281 1408; baseline 0.004 -23"><span class='ocrx_word' id='word_1_114' title='bbox 147 1334 175 1385; x_wconf 83' lang='grc'><strong>11</strong></span> <span class='ocrx_word' id='word_1_115' title='bbox 196 1329 254 1390; x_wconf 90' lang='lat' dir='ltr'><strong>tius</strong></span> <span class='ocrx_word' id='word_1_116' title='bbox 266 1328 493 1404; x_wconf 80' lang='lat' dir='ltr'><strong>custodiebatur,</strong></span> <span class='ocrx_word' id='word_1_117' title='bbox 511 1347 570 1389; x_wconf 91' lang='lat' dir='ltr'><strong>non</strong></span> <span class='ocrx_word' id='word_1_118' title='bbox 583 1339 694 1408; x_wconf 83' lang='lat' dir='ltr'><strong>posset,</strong></span> <span class='ocrx_word' id='word_1_119' title='bbox 710 1328 825 1391; x_wconf 84' lang='lat' dir='ltr'><strong>occasio</strong></span> <span class='ocrx_word' id='word_1_120' title='bbox 838 1329 1051 1407; x_wconf 89' lang='lat' dir='ltr'><strong>quaerebatur;</strong></span> <span class='ocrx_word' id='word_1_121' title='bbox 1067 1347 1155 1408; x_wconf 93' lang='lat' dir='ltr'><strong>quam</strong></span> <span class='ocrx_word' id='word_1_122' title='bbox 1168 1328 1281 1389; x_wconf 90' lang='lat' dir='ltr'><strong>obtulit</strong></span> 
     </span>
     <span class='ocr_line' id='line_1_15' title="bbox 198 1414 1277 1494; baseline 0.001 -21"><span class='ocrx_word' id='word_1_123' title='bbox 198 1416 348 1494; x_wconf 82' lang='lat' dir='ltr'><strong>transfuga</strong></span> <span class='ocrx_word' id='word_1_124' title='bbox 378 1414 521 1475; x_wconf 93' lang='lat' dir='ltr'><strong>nuntians</strong></span> <span class='ocrx_word' id='word_1_125' title='bbox 549 1415 625 1475; x_wconf 90' lang='lat' dir='ltr'><strong>diem</strong></span> <span class='ocrx_word' id='word_1_126' title='bbox 655 1415 764 1476; x_wconf 82' lang='lat' dir='ltr'><strong>festum</strong></span> <span class='ocrx_word' id='word_1_127' title='bbox 786 1415 897 1476; x_wconf 86' lang='lat' dir='ltr'><strong>Dianae</strong></span> <span class='ocrx_word' id='word_1_128' title='bbox 926 1433 979 1494; x_wconf 93' lang='lat' dir='ltr'><strong>per</strong></span> <span class='ocrx_word' id='word_1_129' title='bbox 1007 1416 1136 1475; x_wconf 92' lang='lat' dir='ltr'><strong>triduum</strong></span> <span class='ocrx_word' id='word_1_130' title='bbox 1166 1414 1213 1493; x_wconf 89' lang='lat' dir='ltr'><strong>agi</strong></span> <span class='ocrx_word' id='word_1_131' title='bbox 1236 1420 1277 1484; x_wconf 82' lang='lat' dir='ltr'><strong>et,</strong></span> 
     </span>
     <span class='ocr_line' id='line_1_16' title="bbox 197 1497 1334 1579; baseline 0.002 -20"><span class='ocrx_word' id='word_1_132' title='bbox 197 1500 265 1577; x_wconf 91' lang='lat' dir='ltr'><strong>quia</strong></span> <span class='ocrx_word' id='word_1_133' title='bbox 287 1499 341 1560; x_wconf 90' lang='lat' dir='ltr'><strong>alia</strong></span> <span class='ocrx_word' id='word_1_134' title='bbox 364 1499 395 1560; x_wconf 95' lang='lat' dir='ltr'><strong>in</strong></span> <span class='ocrx_word' id='word_1_135' title='bbox 419 1497 573 1560; x_wconf 86' lang='lat' dir='ltr'><strong>obsidione</strong></span> <span class='ocrx_word' id='word_1_136' title='bbox 596 1500 707 1571; x_wconf 89' lang='lat' dir='ltr'><strong>desint,</strong></span> <span class='ocrx_word' id='word_1_137' title='bbox 730 1500 802 1560; x_wconf 92' lang='lat' dir='ltr'><strong>uino</strong></span> <span class='ocrx_word' id='word_1_138' title='bbox 825 1499 936 1578; x_wconf 87' lang='lat' dir='ltr'><strong>largius</strong></span> <span class='ocrx_word' id='word_1_139' title='bbox 958 1500 1059 1579; x_wconf 90' lang='lat' dir='ltr'><strong>epulas</strong></span> <span class='ocrx_word' id='word_1_140' title='bbox 1081 1498 1225 1562; x_wconf 86' lang='lat' dir='ltr'><strong>celebrari</strong></span> <span class='ocrx_word' id='word_1_141' title='bbox 1248 1507 1280 1558; x_wconf 89' lang='lat' dir='ltr'><strong>et</strong></span> <span class='ocrx_word' id='word_1_142' title='bbox 1304 1511 1334 1561; x_wconf 75' lang='grc'><strong>15</strong></span> 
     </span>
     <span class='ocr_line' id='line_1_17' title="bbox 196 1583 1278 1666; baseline -0.001 -21"><span class='ocrx_word' id='word_1_143' title='bbox 196 1584 233 1645; x_wconf 94' lang='lat' dir='ltr'><strong>ab</strong></span> <span class='ocrx_word' id='word_1_144' title='bbox 249 1584 379 1666; x_wconf 80' lang='lat' dir='ltr'><strong>Epicyde</strong></span> <span class='ocrx_word' id='word_1_145' title='bbox 400 1583 535 1663; x_wconf 91' lang='lat' dir='ltr'><strong>praebito</strong></span> <span class='ocrx_word' id='word_1_146' title='bbox 557 1585 714 1647; x_wconf 89' lang='lat' dir='ltr'><strong>uniuersae</strong></span> <span class='ocrx_word' id='word_1_147' title='bbox 736 1584 834 1665; x_wconf 90' lang='lat' dir='ltr'><strong>plebei</strong></span> <span class='ocrx_word' id='word_1_148' title='bbox 857 1594 886 1646; x_wconf 95' lang='lat' dir='ltr'><strong>et</strong></span> <span class='ocrx_word' id='word_1_149' title='bbox 909 1604 963 1664; x_wconf 93' lang='lat' dir='ltr'><strong>per</strong></span> <span class='ocrx_word' id='word_1_150' title='bbox 981 1585 1077 1647; x_wconf 88' lang='lat' dir='ltr'><strong>tribus</strong></span> <span class='ocrx_word' id='word_1_151' title='bbox 1098 1584 1278 1664; x_wconf 87' lang='lat' dir='ltr'><strong>aprineipi·</strong></span> 
     </span>
    </p>

    <p class='ocr_par' dir='ltr' id='par_1_8' title="bbox 145 1669 1365 2090">
     <span class='ocr_line' id='line_1_18' title="bbox 145 1669 1277 1749; baseline 0.003 -23"><span class='ocrx_word' id='word_1_152' title='bbox 145 1676 174 1727; x_wconf 79' lang='lat' dir='ltr'><strong>tt</strong></span> <span class='ocrx_word' id='word_1_153' title='bbox 195 1669 251 1731; x_wconf 91' lang='lat' dir='ltr'><strong>bos</strong></span> <span class='ocrx_word' id='word_1_154' title='bbox 266 1670 372 1730; x_wconf 72' lang='lat' dir='ltr'><strong>diuiso,</strong></span> <span class='ocrx_word' id='word_1_155' title='bbox 410 1669 488 1747; x_wconf 93' lang='lat' dir='ltr'><strong>quod</strong></span> <span class='ocrx_word' id='word_1_156' title='bbox 504 1669 556 1731; x_wconf 95' lang='lat' dir='ltr'><strong>ubi</strong></span> <span class='ocrx_word' id='word_1_157' title='bbox 572 1670 686 1749; x_wconf 86' lang='lat' dir='ltr'><strong>aceepit</strong></span> <span class='ocrx_word' id='word_1_158' title='bbox 701 1669 866 1744; x_wconf 85' lang='lat' dir='ltr'><strong>Marcellus,</strong></span> <span class='ocrx_word' id='word_1_159' title='bbox 883 1688 951 1731; x_wconf 90' lang='lat' dir='ltr'><strong>oum</strong></span> <span class='ocrx_word' id='word_1_160' title='bbox 967 1670 1070 1749; x_wconf 89' lang='lat' dir='ltr'><strong>paucis</strong></span> <span class='ocrx_word' id='word_1_161' title='bbox 1085 1670 1277 1731; x_wconf 89' lang='lat' dir='ltr'><strong>tribunorum</strong></span> 
     </span>
     <span class='ocr_line' id='line_1_19' title="bbox 196 1754 1278 1835; baseline -0.003 -19"><span class='ocrx_word' id='word_1_162' title='bbox 196 1755 322 1816; x_wconf 91' lang='lat' dir='ltr'><strong>militum</strong></span> <span class='ocrx_word' id='word_1_163' title='bbox 344 1754 521 1817; x_wconf 89' lang='lat' dir='ltr'><strong>conlocutus</strong></span> <span class='ocrx_word' id='word_1_164' title='bbox 542 1754 703 1834; x_wconf 87' lang='lat' dir='ltr'><strong>electisque</strong></span> <span class='ocrx_word' id='word_1_165' title='bbox 726 1774 781 1835; x_wconf 93' lang='lat' dir='ltr'><strong>per</strong></span> <span class='ocrx_word' id='word_1_166' title='bbox 800 1775 851 1816; x_wconf 90' lang='lat' dir='ltr'><strong>eos</strong></span> <span class='ocrx_word' id='word_1_167' title='bbox 873 1757 909 1816; x_wconf 92' lang='lat' dir='ltr'><strong>ad</strong></span> <span class='ocrx_word' id='word_1_168' title='bbox 925 1772 988 1817; x_wconf 90' lang='lat' dir='ltr'><strong>rem</strong></span> <span class='ocrx_word' id='word_1_169' title='bbox 1004 1764 1114 1817; x_wconf 91' lang='lat' dir='ltr'><strong>tantam</strong></span> <span class='ocrx_word' id='word_1_170' title='bbox 1130 1755 1278 1834; x_wconf 78' lang='lat' dir='ltr'><strong>agendam</strong></span> 
     </span>
     <span class='ocr_line' id='line_1_20' title="bbox 196 1838 1276 1919; baseline 0 -20"><span class='ocrx_word' id='word_1_171' title='bbox 196 1838 422 1917; x_wconf 83' lang='lat' dir='ltr'><strong>audendamque</strong></span> <span class='ocrx_word' id='word_1_172' title='bbox 450 1840 565 1901; x_wconf 91' lang='lat' dir='ltr'><strong>idoneis</strong></span> <span class='ocrx_word' id='word_1_173' title='bbox 592 1840 821 1902; x_wconf 89' lang='lat' dir='ltr'><strong>centurionibus</strong></span> <span class='ocrx_word' id='word_1_174' title='bbox 849 1840 1050 1919; x_wconf 88' lang='lat' dir='ltr'><strong>militibusque</strong></span> <span class='ocrx_word' id='word_1_175' title='bbox 1078 1848 1108 1902; x_wconf 90' lang='lat' dir='ltr'><strong>et</strong></span> <span class='ocrx_word' id='word_1_176' title='bbox 1135 1840 1222 1901; x_wconf 88' lang='lat' dir='ltr'><strong>scalis</strong></span> <span class='ocrx_word' id='word_1_177' title='bbox 1244 1839 1276 1899; x_wconf 91' lang='lat' dir='ltr'><strong>in</strong></span> 
     </span>
     <span class='ocr_line' id='line_1_21' title="bbox 196 1924 1365 2005; baseline 0.002 -20"><span class='ocrx_word' id='word_1_178' title='bbox 196 1924 313 1985; x_wconf 87' lang='lat' dir='ltr'><strong>occulto</strong></span> <span class='ocrx_word' id='word_1_179' title='bbox 336 1925 522 2005; x_wconf 90' lang='lat' dir='ltr'><strong>comparatis,</strong></span> <span class='ocrx_word' id='word_1_180' title='bbox 544 1926 652 1987; x_wconf 86' lang='lat' dir='ltr'><strong>ceteris</strong></span> <span class='ocrx_word' id='word_1_181' title='bbox 672 1926 790 2004; x_wconf 87' lang='lat' dir='ltr'><strong>signum</strong></span> <span class='ocrx_word' id='word_1_182' title='bbox 814 1925 875 1987; x_wconf 90' lang='lat' dir='ltr'><strong>dari</strong></span> <span class='ocrx_word' id='word_1_183' title='bbox 898 1925 994 1999; x_wconf 88' lang='lat' dir='ltr'><strong>iubet,</strong></span> <span class='ocrx_word' id='word_1_184' title='bbox 1016 1934 1052 1986; x_wconf 92' lang='lat' dir='ltr'><strong>ut</strong></span> <span class='ocrx_word' id='word_1_185' title='bbox 1073 1934 1187 1987; x_wconf 85' lang='lat' dir='ltr'><strong>matura</strong></span> <span class='ocrx_word' id='word_1_186' title='bbox 1210 1942 1278 1985; x_wconf 89' lang='lat' dir='ltr'><strong>cor·</strong></span> <span class='ocrx_word' id='word_1_187' title='bbox 1300 1936 1333 1987; x_wconf 80' lang='lat' dir='ltr'><strong>ta</strong></span> <span class='ocrx_word' id='word_1_188' title='bbox 1364 1988 1365 1993; x_wconf 66' lang='grc'>,</span> 
     </span>
     <span class='ocr_line' id='line_1_22' title="bbox 196 2008 1365 2090; baseline 0 -21"><span class='ocrx_word' id='word_1_189' title='bbox 196 2027 268 2089; x_wconf 94' lang='lat' dir='ltr'><strong>pora</strong></span> <span class='ocrx_word' id='word_1_190' title='bbox 290 2018 431 2071; x_wconf 89' lang='lat' dir='ltr'><strong>curarent</strong></span> <span class='ocrx_word' id='word_1_191' title='bbox 444 2010 596 2090; x_wconf 92' lang='lat' dir='ltr'><strong>quietique</strong></span> <span class='ocrx_word' id='word_1_192' title='bbox 610 2012 730 2072; x_wconf 88' lang='lat' dir='ltr'><strong>darent:</strong></span> <span class='ocrx_word' id='word_1_193' title='bbox 755 2020 843 2073; x_wconf 91' lang='lat' dir='ltr'><strong>nocte</strong></span> <span class='ocrx_word' id='word_1_194' title='bbox 863 2012 893 2071; x_wconf 91' lang='lat' dir='ltr'><strong>in</strong></span> <span class='ocrx_word' id='word_1_195' title='bbox 911 2010 1128 2090; x_wconf 85' lang='lat' dir='ltr'><strong>expeditionem</strong></span> <span class='ocrx_word' id='word_1_196' title='bbox 1143 2008 1276 2071; x_wconf 91' lang='lat' dir='ltr'><strong>eundum</strong></span> <span class='ocrx_word' id='word_1_197' title='bbox 1364 2028 1365 2069; x_wconf 57' lang='lat' dir='ltr'><strong>t</strong></span> 
     </span>
    </p>

    <p class='ocr_par' dir='ltr' id='par_1_9' title="bbox 145 2093 1276 2346">
     <span class='ocr_line' id='line_1_23' title="bbox 145 2093 1276 2177; baseline 0.001 -23"><span class='ocrx_word' id='word_1_198' title='bbox 145 2102 174 2155; x_wconf 82' lang='lat' dir='ltr'><strong>ta</strong></span> <span class='ocrx_word' id='word_1_199' title='bbox 195 2114 269 2158; x_wconf 87' lang='lat' dir='ltr'><strong>esse.</strong></span> <span class='ocrx_word' id='word_1_200' title='bbox 314 2095 383 2158; x_wconf 89' lang='lat' dir='ltr'><strong>inde</strong></span> <span class='ocrx_word' id='word_1_201' title='bbox 413 2093 464 2156; x_wconf 91' lang='lat' dir='ltr'><strong>ubi</strong></span> <span class='ocrx_word' id='word_1_202' title='bbox 492 2095 521 2157; x_wconf 93' lang='lat' dir='ltr'><strong>id</strong></span> <span class='ocrx_word' id='word_1_203' title='bbox 546 2097 689 2176; x_wconf 89' lang='lat' dir='ltr'><strong>temporis</strong></span> <span class='ocrx_word' id='word_1_204' title='bbox 711 2097 823 2170; x_wconf 89' lang='lat' dir='ltr'><strong>uisum,</strong></span> <span class='ocrx_word' id='word_1_205' title='bbox 853 2116 912 2177; x_wconf 94' lang='lat' dir='ltr'><strong>quo</strong></span> <span class='ocrx_word' id='word_1_206' title='bbox 943 2096 979 2158; x_wconf 89' lang='lat' dir='ltr'><strong>de</strong></span> <span class='ocrx_word' id='word_1_207' title='bbox 1001 2096 1047 2158; x_wconf 89' lang='lat' dir='ltr'><strong>die</strong></span> <span class='ocrx_word' id='word_1_208' title='bbox 1071 2096 1195 2177; x_wconf 88' lang='lat' dir='ltr'><strong>epulatis</strong></span> <span class='ocrx_word' id='word_1_209' title='bbox 1218 2095 1276 2157; x_wconf 93' lang='lat' dir='ltr'><strong>iam</strong></span> 
     </span>
     <span class='ocr_line' id='line_1_24' title="bbox 195 2181 1276 2261; baseline 0 -19"><span class='ocrx_word' id='word_1_210' title='bbox 195 2182 259 2242; x_wconf 88' lang='lat' dir='ltr'><strong>uini</strong></span> <span class='ocrx_word' id='word_1_211' title='bbox 281 2181 368 2244; x_wconf 91' lang='lat' dir='ltr'><strong>satias</strong></span> <span class='ocrx_word' id='word_1_212' title='bbox 389 2181 631 2261; x_wconf 84' lang='lat' dir='ltr'><strong>principiumque</strong></span> <span class='ocrx_word' id='word_1_213' title='bbox 645 2183 744 2244; x_wconf 88' lang='lat' dir='ltr'><strong>somni</strong></span> <span class='ocrx_word' id='word_1_214' title='bbox 766 2192 852 2255; x_wconf 88' lang='lat' dir='ltr'><strong>esset,</strong></span> <span class='ocrx_word' id='word_1_215' title='bbox 874 2182 952 2261; x_wconf 90' lang='lat' dir='ltr'><strong>signi</strong></span> <span class='ocrx_word' id='word_1_216' title='bbox 970 2182 1059 2243; x_wconf 91' lang='lat' dir='ltr'><strong>unius</strong></span> <span class='ocrx_word' id='word_1_217' title='bbox 1073 2181 1181 2243; x_wconf 90' lang='lat' dir='ltr'><strong>milites</strong></span> <span class='ocrx_word' id='word_1_218' title='bbox 1197 2182 1276 2242; x_wconf 81' lang='lat' dir='ltr'><strong>terre</strong></span> 
     </span>
     <span class='ocr_line' id='line_1_25' title="bbox 195 2267 1275 2346; baseline -0.001 -19"><span class='ocrx_word' id='word_1_219' title='bbox 195 2268 288 2328; x_wconf 89' lang='lat' dir='ltr'><strong>scalas</strong></span> <span class='ocrx_word' id='word_1_220' title='bbox 311 2268 409 2343; x_wconf 89' lang='lat' dir='ltr'><strong>iusslt;</strong></span> <span class='ocrx_word' id='word_1_221' title='bbox 433 2268 511 2328; x_wconf 90' lang='lat' dir='ltr'><strong>etad</strong></span> <span class='ocrx_word' id='word_1_222' title='bbox 528 2267 607 2327; x_wconf 89' lang='lat' dir='ltr'><strong>mille</strong></span> <span class='ocrx_word' id='word_1_223' title='bbox 622 2267 685 2328; x_wconf 89' lang='lat' dir='ltr'><strong>lere</strong></span> <span class='ocrx_word' id='word_1_224' title='bbox 701 2268 804 2328; x_wconf 89' lang='lat' dir='ltr'><strong>armati</strong></span> <span class='ocrx_word' id='word_1_225' title='bbox 821 2268 903 2328; x_wconf 89' lang='lat' dir='ltr'><strong>tenui</strong></span> <span class='ocrx_word' id='word_1_226' title='bbox 922 2267 1040 2346; x_wconf 82' lang='lat' dir='ltr'><strong>agmine</strong></span> <span class='ocrx_word' id='word_1_227' title='bbox 1054 2285 1110 2346; x_wconf 90' lang='lat' dir='ltr'><strong>per</strong></span> <span class='ocrx_word' id='word_1_228' title='bbox 1124 2267 1275 2328; x_wconf 90' lang='lat' dir='ltr'><strong>silentium</strong></span> 
     </span>
    </p>

    <p class='ocr_par' dir='ltr' id='par_1_10' title="bbox 145 2350 1327 2517">
     <span class='ocr_line' id='line_1_26' title="bbox 145 2350 1327 2432; baseline 0.002 -22"><span class='ocrx_word' id='word_1_229' title='bbox 145 2359 174 2410; x_wconf 82' lang='lat' dir='ltr'><strong>tt</strong></span> <span class='ocrx_word' id='word_1_230' title='bbox 196 2371 231 2414; x_wconf 91' lang='lat' dir='ltr'><strong>eo</strong></span> <span class='ocrx_word' id='word_1_231' title='bbox 254 2353 380 2414; x_wconf 87' lang='lat' dir='ltr'><strong>deducti.</strong></span> <span class='ocrx_word' id='word_1_232' title='bbox 425 2350 475 2412; x_wconf 95' lang='lat' dir='ltr'><strong>ubi</strong></span> <span class='ocrx_word' id='word_1_233' title='bbox 498 2352 564 2414; x_wconf 92' lang='lat' dir='ltr'><strong>sine</strong></span> <span class='ocrx_word' id='word_1_234' title='bbox 589 2352 713 2432; x_wconf 90' lang='lat' dir='ltr'><strong>strepitu</strong></span> <span class='ocrx_word' id='word_1_235' title='bbox 737 2371 772 2414; x_wconf 89' lang='lat' dir='ltr'><strong>ac</strong></span> <span class='ocrx_word' id='word_1_236' title='bbox 793 2353 922 2414; x_wconf 92' lang='lat' dir='ltr'><strong>tumultu</strong></span> <span class='ocrx_word' id='word_1_237' title='bbox 950 2352 1039 2432; x_wconf 92' lang='lat' dir='ltr'><strong>primi</strong></span> <span class='ocrx_word' id='word_1_238' title='bbox 1061 2361 1223 2413; x_wconf 87' lang='lat' dir='ltr'><strong>euaserunt</strong></span> <span class='ocrx_word' id='word_1_239' title='bbox 1245 2353 1275 2412; x_wconf 94' lang='lat' dir='ltr'><strong>in</strong></span> <span class='ocrx_word' id='word_1_240' title='bbox 1298 2362 1327 2412; x_wconf 77' lang='grc'><strong>25</strong></span> 
     </span>
     <span class='ocr_line' id='line_1_27' title="bbox 195 2436 1276 2517; baseline -0.002 -19"><span class='ocrx_word' id='word_1_241' title='bbox 195 2457 323 2512; x_wconf 91' lang='lat' dir='ltr'><strong>murum,</strong></span> <span class='ocrx_word' id='word_1_242' title='bbox 345 2437 439 2500; x_wconf 85' lang='lat' dir='ltr'><strong>secuti</strong></span> <span class='ocrx_word' id='word_1_243' title='bbox 463 2438 567 2499; x_wconf 91' lang='lat' dir='ltr'><strong>ordine</strong></span> <span class='ocrx_word' id='word_1_244' title='bbox 588 2437 647 2508; x_wconf 91' lang='lat' dir='ltr'><strong>alii,</strong></span> <span class='ocrx_word' id='word_1_245' title='bbox 677 2457 744 2500; x_wconf 93' lang='lat' dir='ltr'><strong>cum</strong></span> <span class='ocrx_word' id='word_1_246' title='bbox 768 2438 901 2517; x_wconf 91' lang='lat' dir='ltr'><strong>priorum</strong></span> <span class='ocrx_word' id='word_1_247' title='bbox 925 2437 1046 2499; x_wconf 82' lang='lat' dir='ltr'><strong>audacia</strong></span> <span class='ocrx_word' id='word_1_248' title='bbox 1069 2436 1166 2498; x_wconf 89' lang='lat' dir='ltr'><strong>dubiis</strong></span> <span class='ocrx_word' id='word_1_249' title='bbox 1187 2437 1276 2497; x_wconf 90' lang='lat' dir='ltr'><strong>etiam</strong></span> 
     </span>
    </p>

    <p class='ocr_par' dir='ltr' id='par_1_11' title="bbox 143 2523 1363 2689">
     <span class='ocr_line' id='line_1_28' title="bbox 143 2523 1275 2602; baseline 0 -20"><span class='ocrx_word' id='word_1_250' title='bbox 143 2524 326 2584; x_wconf 69' lang='lat' dir='ltr'><strong>blanimum</strong></span> <span class='ocrx_word' id='word_1_251' title='bbox 348 2524 468 2584; x_wconf 84' lang='lat' dir='ltr'><strong>laceret.</strong></span> <span class='ocrx_word' id='word_1_252' title='bbox 505 2523 562 2583; x_wconf 92' lang='lat' dir='ltr'><strong>iam</strong></span> <span class='ocrx_word' id='word_1_253' title='bbox 586 2523 665 2583; x_wconf 90' lang='lat' dir='ltr'><strong>mille</strong></span> <span class='ocrx_word' id='word_1_254' title='bbox 688 2533 867 2584; x_wconf 91' lang='lat' dir='ltr'><strong>armatorum</strong></span> <span class='ocrx_word' id='word_1_255' title='bbox 884 2523 963 2584; x_wconf 91' lang='lat' dir='ltr'><strong>muri</strong></span> <span class='ocrx_word' id='word_1_256' title='bbox 985 2531 1128 2602; x_wconf 89' lang='lat' dir='ltr'><strong>ceperant</strong></span> <span class='ocrx_word' id='word_1_257' title='bbox 1148 2531 1275 2601; x_wconf 92' lang='lat' dir='ltr'><strong>partem,</strong></span> 
     </span>
     <span class='ocr_line' id='line_1_29' title="bbox 196 2607 1363 2689; baseline -0.003 -19"><span class='ocrx_word' id='word_1_258' title='bbox 196 2627 264 2670; x_wconf 91' lang='lat' dir='ltr'><strong>oum</strong></span> <span class='ocrx_word' id='word_1_259' title='bbox 286 2616 401 2670; x_wconf 85' lang='lat' dir='ltr'><strong>ceterae</strong></span> <span class='ocrx_word' id='word_1_260' title='bbox 416 2608 551 2669; x_wconf 87' lang='lat' dir='ltr'><strong>admotae</strong></span> <span class='ocrx_word' id='word_1_261' title='bbox 565 2617 637 2669; x_wconf 87' lang='lat' dir='ltr'><strong>sunt</strong></span> <span class='ocrx_word' id='word_1_262' title='bbox 657 2608 771 2689; x_wconf 89' lang='lat' dir='ltr'><strong>copiae,</strong></span> <span class='ocrx_word' id='word_1_263' title='bbox 794 2607 988 2689; x_wconf 89' lang='lat' dir='ltr'><strong>pluribusque</strong></span> <span class='ocrx_word' id='word_1_264' title='bbox 1009 2608 1094 2669; x_wconf 89' lang='lat' dir='ltr'><strong>scalis</strong></span> <span class='ocrx_word' id='word_1_265' title='bbox 1108 2608 1138 2668; x_wconf 93' lang='lat' dir='ltr'><strong>in</strong></span> <span class='ocrx_word' id='word_1_266' title='bbox 1155 2625 1275 2668; x_wconf 85' lang='lat' dir='ltr'><strong>murum</strong></span> <span class='ocrx_word' id='word_1_267' title='bbox 1362 2681 1363 2684; x_wconf 8' lang='grc' dir='ltr'><strong>Ἴ</strong></span> 
     </span>
    </p>

    <p class='ocr_par' dir='ltr' id='par_1_12' title="bbox 157 2691 1327 2944">
     <span class='ocr_line' id='line_1_30' title="bbox 157 2691 1275 2774; baseline -0.001 -21"><span class='ocrx_word' id='word_1_268' title='bbox 157 2702 173 2753; x_wconf 82' lang='grc'>1</span> <span class='ocrx_word' id='word_1_269' title='bbox 194 2693 361 2755; x_wconf 79' lang='lat' dir='ltr'><strong>suadebant</strong></span> <span class='ocrx_word' id='word_1_270' title='bbox 381 2693 468 2770; x_wconf 89' lang='lat' dir='ltr'><strong>signo</strong></span> <span class='ocrx_word' id='word_1_271' title='bbox 491 2692 528 2754; x_wconf 93' lang='lat' dir='ltr'><strong>ab</strong></span> <span class='ocrx_word' id='word_1_272' title='bbox 543 2692 694 2773; x_wconf 78' lang='lat' dir='ltr'><strong>Hexapylo</strong></span> <span class='ocrx_word' id='word_1_273' title='bbox 717 2694 794 2768; x_wconf 92' lang='lat' dir='ltr'><strong>dato,</strong></span> <span class='ocrx_word' id='word_1_274' title='bbox 817 2712 877 2773; x_wconf 96' lang='lat' dir='ltr'><strong>quo</strong></span> <span class='ocrx_word' id='word_1_275' title='bbox 899 2708 954 2774; x_wconf 91' lang='lat' dir='ltr'><strong>per</strong></span> <span class='ocrx_word' id='word_1_276' title='bbox 973 2693 1126 2772; x_wconf 89' lang='lat' dir='ltr'><strong>ingentem</strong></span> <span class='ocrx_word' id='word_1_277' title='bbox 1140 2691 1275 2754; x_wconf 88' lang='lat' dir='ltr'><strong>solitudi-</strong></span> 
     </span>
     <span class='ocr_line' id='line_1_31' title="bbox 195 2777 1327 2859; baseline 0.001 -21"><span class='ocrx_word' id='word_1_278' title='bbox 195 2797 264 2839; x_wconf 91' lang='lat' dir='ltr'><strong>nem</strong></span> <span class='ocrx_word' id='word_1_279' title='bbox 288 2787 352 2839; x_wconf 88' lang='lat' dir='ltr'><strong>orat</strong></span> <span class='ocrx_word' id='word_1_280' title='bbox 372 2787 569 2858; x_wconf 91' lang='lat' dir='ltr'><strong>peruentum,</strong></span> <span class='ocrx_word' id='word_1_281' title='bbox 600 2778 668 2858; x_wconf 93' lang='lat' dir='ltr'><strong>quia</strong></span> <span class='ocrx_word' id='word_1_282' title='bbox 690 2797 797 2858; x_wconf 90' lang='lat' dir='ltr'><strong>magna</strong></span> <span class='ocrx_word' id='word_1_283' title='bbox 820 2796 889 2859; x_wconf 91' lang='lat' dir='ltr'><strong>pars</strong></span> <span class='ocrx_word' id='word_1_284' title='bbox 911 2780 1068 2840; x_wconf 88' lang='lat' dir='ltr'><strong>custodum</strong></span> <span class='ocrx_word' id='word_1_285' title='bbox 1090 2778 1120 2839; x_wconf 92' lang='lat' dir='ltr'><strong>in</strong></span> <span class='ocrx_word' id='word_1_286' title='bbox 1143 2777 1277 2839; x_wconf 81' lang='lat' dir='ltr'><strong>turribus</strong></span> <span class='ocrx_word' id='word_1_287' title='bbox 1296 2788 1327 2839; x_wconf 73' lang='lat' dir='ltr'><strong>a)</strong></span> 
     </span>
     <span class='ocr_line' id='line_1_32' title="bbox 196 2863 1277 2944; baseline 0.003 -22"><span class='ocrx_word' id='word_1_288' title='bbox 196 2863 305 2942; x_wconf 90' lang='lat' dir='ltr'><strong>epulati</strong></span> <span class='ocrx_word' id='word_1_289' title='bbox 327 2871 378 2923; x_wconf 91' lang='lat' dir='ltr'><strong>aut</strong></span> <span class='ocrx_word' id='word_1_290' title='bbox 399 2863 488 2943; x_wconf 90' lang='lat' dir='ltr'><strong>sopiti</strong></span> <span class='ocrx_word' id='word_1_291' title='bbox 509 2866 581 2924; x_wconf 91' lang='lat' dir='ltr'><strong>uino</strong></span> <span class='ocrx_word' id='word_1_292' title='bbox 604 2872 691 2924; x_wconf 91' lang='lat' dir='ltr'><strong>erant</strong></span> <span class='ocrx_word' id='word_1_293' title='bbox 712 2873 763 2925; x_wconf 93' lang='lat' dir='ltr'><strong>aut</strong></span> <span class='ocrx_word' id='word_1_294' title='bbox 783 2865 963 2943; x_wconf 88' lang='lat' dir='ltr'><strong>semigraues</strong></span> <span class='ocrx_word' id='word_1_295' title='bbox 978 2863 1131 2944; x_wconf 91' lang='lat' dir='ltr'><strong>potabant.</strong></span> <span class='ocrx_word' id='word_1_296' title='bbox 1164 2881 1277 2943; x_wconf 89' lang='lat' dir='ltr'><strong>paucos</strong></span> 
     </span>
    </p>
   </div>
   <div class='ocr_carea' id='block_1_3' title="bbox 192 2996 1361 3745">
    <p class='ocr_par' dir='ltr' id='par_1_13' title="bbox 192 2996 1361 3745">
     <span class='ocr_line' id='line_1_33' title="bbox 281 2996 1277 3065; baseline -0.001 -18"><span class='ocrx_word' id='word_1_297' title='bbox 281 2997 297 3047; x_wconf 97' lang='grc'><strong>2</strong></span> <span class='ocrx_word' id='word_1_298' title='bbox 320 2996 414 3062; x_wconf 88' lang='lat' dir='ltr'><strong>quibus</strong></span> <span class='ocrx_word' id='word_1_299' title='bbox 435 2996 480 3046; x_wconf 80' lang='lat' dir='ltr'><strong>uel</strong></span> <span class='ocrx_word' id='word_1_300' title='bbox 500 2996 574 3064; x_wconf 88' lang='lat' dir='ltr'><strong>queis</strong></span> <span class='ocrx_word' id='word_1_301' title='bbox 594 2996 676 3048; x_wconf 83' lang='lat' dir='ltr'><strong>Gran.</strong></span> <span class='ocrx_word' id='word_1_302' title='bbox 706 2997 778 3050; x_wconf 86' lang='lat' dir='ltr'><strong>cuius</strong></span> <span class='ocrx_word' id='word_1_303' title='bbox 797 2997 821 3049; x_wconf 89' lang='lat' dir='ltr'><em>P</em></span> <span class='ocrx_word' id='word_1_304' title='bbox 843 2997 916 3050; x_wconf 88' lang='lat' dir='ltr'><strong>euius</strong></span> <span class='ocrx_word' id='word_1_305' title='bbox 939 2996 1024 3063; x_wconf 85' lang='lat' dir='ltr'><strong>gentis</strong></span> <span class='ocrx_word' id='word_1_306' title='bbox 1042 2996 1087 3046; x_wconf 85' lang='lat' dir='ltr'><strong>ool</strong></span> <span class='ocrx_word' id='word_1_307' title='bbox 1103 3010 1213 3064; x_wconf 89' lang='lat' dir='ltr'><strong>quorum</strong></span> <span class='ocrx_word' id='word_1_308' title='bbox 1232 2998 1277 3065; x_wconf 77' lang='grc' dir='ltr'><strong>ςΙ</strong></span> 
     </span>
     <span class='ocr_line' id='line_1_34' title="bbox 196 3062 1277 3134; baseline 0.001 -20"><span class='ocrx_word' id='word_1_309' title='bbox 196 3062 371 3115; x_wconf 82' lang='lat' dir='ltr'><strong>lacaedemoni</strong></span> <span class='ocrx_word' id='word_1_310' title='bbox 391 3063 437 3130; x_wconf 90' lang='grc' dir='ltr'><strong>ΡΙ</strong></span> <span class='ocrx_word' id='word_1_311' title='bbox 456 3067 472 3117; x_wconf 84' lang='grc'>3</span> <span class='ocrx_word' id='word_1_312' title='bbox 490 3064 522 3116; x_wconf 89' lang='lat' dir='ltr'><strong>de</strong></span> <span class='ocrx_word' id='word_1_313' title='bbox 540 3063 742 3132; x_wconf 85' lang='lat' dir='ltr'><strong>redemptionem</strong></span> <span class='ocrx_word' id='word_1_314' title='bbox 760 3064 807 3134; x_wconf 78' lang='lat' dir='ltr'><strong>Pl</strong></span> <span class='ocrx_word' id='word_1_315' title='bbox 825 3065 924 3118; x_wconf 87' lang='lat' dir='ltr'><strong>medius</strong></span> <span class='ocrx_word' id='word_1_316' title='bbox 942 3081 977 3116; x_wconf 70' lang='lat' dir='ltr'><strong>aa</strong></span> <span class='ocrx_word' id='word_1_317' title='bbox 994 3064 1079 3116; x_wconf 88' lang='lat' dir='ltr'><strong>medin</strong></span> <span class='ocrx_word' id='word_1_318' title='bbox 1097 3064 1128 3115; x_wconf 85' lang='lat' dir='ltr'><strong>P¹</strong></span> <span class='ocrx_word' id='word_1_319' title='bbox 1142 3063 1182 3130; x_wconf 69' lang='lat' dir='ltr'><strong>fla</strong></span> <span class='ocrx_word' id='word_1_320' title='bbox 1200 3079 1277 3130; x_wconf 87' lang='lat' dir='ltr'><strong>opor-</strong></span> 
     </span>
     <span class='ocr_line' id='line_1_35' title="bbox 195 3131 1277 3201; baseline 0 -19"><span class='ocrx_word' id='word_1_321' title='bbox 195 3135 272 3184; x_wconf 88' lang='lat' dir='ltr'><strong>tunus</strong></span> <span class='ocrx_word' id='word_1_322' title='bbox 286 3131 330 3200; x_wconf 77' lang='lat' dir='ltr'><strong>Pl</strong></span> <span class='ocrx_word' id='word_1_323' title='bbox 343 3133 503 3199; x_wconf 82' lang='lat' dir='ltr'><strong>trogylorum</strong></span> <span class='ocrx_word' id='word_1_324' title='bbox 515 3133 538 3183; x_wconf 87' lang='grc' dir='ltr'><em>Ρ</em></span> <span class='ocrx_word' id='word_1_325' title='bbox 548 3132 587 3201; x_wconf 76' lang='lat' dir='ltr'><strong>ld</strong></span> <span class='ocrx_word' id='word_1_326' title='bbox 602 3133 708 3200; x_wconf 86' lang='lat' dir='ltr'><strong>saepius</strong></span> <span class='ocrx_word' id='word_1_327' title='bbox 725 3149 778 3185; x_wconf 80' lang='lat' dir='ltr'><strong>rar.</strong></span> <span class='ocrx_word' id='word_1_328' title='bbox 791 3149 826 3183; x_wconf 72' lang='lat' dir='ltr'><strong>aa&gt;</strong></span> <span class='ocrx_word' id='word_1_329' title='bbox 844 3132 951 3200; x_wconf 88' lang='lat' dir='ltr'><strong>saepitis</strong></span> <span class='ocrx_word' id='word_1_330' title='bbox 963 3133 1005 3199; x_wconf 76' lang='lat' dir='ltr'><strong>Pp</strong></span> <span class='ocrx_word' id='word_1_331' title='bbox 1019 3131 1156 3200; x_wconf 75' lang='lat' dir='ltr'><strong>cdlmearet</strong></span> <span class='ocrx_word' id='word_1_332' title='bbox 1174 3131 1218 3200; x_wconf 88' lang='grc' dir='ltr'><strong>ΡΙ</strong></span> <span class='ocrx_word' id='word_1_333' title='bbox 1230 3147 1277 3200; x_wconf 88' lang='lat' dir='ltr'><strong>po-</strong></span> 
     </span>
     <span class='ocr_line' id='line_1_36' title="bbox 193 3198 1361 3319; baseline -0.001 -67"><span class='ocrx_word' id='word_1_334' title='bbox 193 3200 276 3252; x_wconf 86' lang='lat' dir='ltr'><strong>manis</strong></span> <span class='ocrx_word' id='word_1_335' title='bbox 288 3200 329 3265; x_wconf 74' lang='lat'><strong>1²¹,</strong></span> <span class='ocrx_word' id='word_1_336' title='bbox 347 3216 418 3252; x_wconf 82' lang='lat' dir='ltr'><strong>corr.</strong></span> <span class='ocrx_word' id='word_1_337' title='bbox 429 3199 514 3266; x_wconf 78' lang='grc' dir='ltr'><strong>ΡΨΙ</strong></span> <span class='ocrx_word' id='word_1_338' title='bbox 533 3201 768 3268; x_wconf 85' lang='lat' dir='ltr'><strong>aesommandoque</strong></span> <span class='ocrx_word' id='word_1_339' title='bbox 783 3201 854 3268; x_wconf 80' lang='lat' dir='ltr'><strong>rpe</strong></span> <span class='ocrx_word' id='word_1_340' title='bbox 874 3201 934 3270; x_wconf 91' lang='lat' dir='ltr'><strong>quid</strong></span> <span class='ocrx_word' id='word_1_341' title='bbox 950 3201 1031 3253; x_wconf 82' lang='lat' dir='ltr'><strong>Gran.</strong></span> <span class='ocrx_word' id='word_1_342' title='bbox 1059 3201 1103 3268; x_wconf 91' lang='lat' dir='ltr'><strong>qni</strong></span> <span class='ocrx_word' id='word_1_343' title='bbox 1116 3198 1206 3319; x_wconf 64' lang='lat' dir='ltr'><strong>qutt</strong></span> <span class='ocrx_word' id='word_1_344' title='bbox 1225 3200 1276 3266; x_wconf 89' lang='lat' dir='ltr'><strong>pri-</strong></span> <span class='ocrx_word' id='word_1_345' title='bbox 1360 3255 1361 3264; x_wconf 41' lang='lat'><strong>,</strong></span> 
     </span>
     <span class='ocr_line' id='line_1_37' title="bbox 194 3267 1278 3336; baseline -0.002 -15"><span class='ocrx_word' id='word_1_346' title='bbox 194 3269 260 3321; x_wconf 81' lang='lat' dir='ltr'><strong>stine</strong></span> <span class='ocrx_word' id='word_1_347' title='bbox 278 3285 333 3321; x_wconf 75' lang='lat' dir='ltr'><strong>rar.</strong></span> <span class='ocrx_word' id='word_1_348' title='bbox 351 3285 386 3320; x_wconf 68' lang='lat' dir='ltr'><strong>aa</strong></span> <span class='ocrx_word' id='word_1_349' title='bbox 404 3269 526 3336; x_wconf 84' lang='lat' dir='ltr'><strong>pristinae</strong></span> <span class='ocrx_word' id='word_1_350' title='bbox 544 3268 567 3318; x_wconf 88' lang='lat' dir='ltr'><em>P</em></span> <span class='ocrx_word' id='word_1_351' title='bbox 583 3268 593 3335; x_wconf 80' lang='lat' dir='ltr'><strong>l</strong></span> <span class='ocrx_word' id='word_1_352' title='bbox 618 3273 646 3323; x_wconf 91' lang='grc'><strong>11</strong></span> <span class='ocrx_word' id='word_1_353' title='bbox 667 3270 746 3322; x_wconf 88' lang='lat' dir='ltr'><strong>scalis</strong></span> <span class='ocrx_word' id='word_1_354' title='bbox 768 3285 823 3322; x_wconf 78' lang='lat' dir='ltr'><strong>ros.</strong></span> <span class='ocrx_word' id='word_1_355' title='bbox 841 3287 876 3320; x_wconf 75' lang='lat' dir='ltr'><strong>aa</strong></span> <span class='ocrx_word' id='word_1_356' title='bbox 894 3269 972 3321; x_wconf 85' lang='lat' dir='ltr'><strong>sealis</strong></span> <span class='ocrx_word' id='word_1_357' title='bbox 990 3270 1013 3320; x_wconf 88' lang='grc' dir='ltr'><em>Ρ</em></span> <span class='ocrx_word' id='word_1_358' title='bbox 1031 3267 1041 3336; x_wconf 96' lang='lat' dir='ltr'><strong>l</strong></span> <span class='ocrx_word' id='word_1_359' title='bbox 1064 3270 1097 3322; x_wconf 80' lang='lat'><strong>14</strong></span> <span class='ocrx_word' id='word_1_360' title='bbox 1116 3268 1146 3318; x_wconf 91' lang='lat' dir='ltr'><strong>tri</strong></span> <span class='ocrx_word' id='word_1_361' title='bbox 1167 3283 1208 3319; x_wconf 86' lang='lat' dir='ltr'><strong>um</strong></span> <span class='ocrx_word' id='word_1_362' title='bbox 1228 3270 1278 3332; x_wconf 73' lang='lat' dir='ltr'><strong>Pl</strong></span> 
     </span>
     <span class='ocr_line' id='line_1_38' title="bbox 196 3335 1252 3405; baseline -0.003 -15"><span class='ocrx_word' id='word_1_363' title='bbox 196 3340 225 3391; x_wconf 88' lang='grc'><strong>11</strong></span> <span class='ocrx_word' id='word_1_364' title='bbox 244 3336 314 3404; x_wconf 91' lang='lat' dir='ltr'><strong>quod</strong></span> <span class='ocrx_word' id='word_1_365' title='bbox 332 3336 377 3389; x_wconf 90' lang='lat' dir='ltr'><strong>ubi</strong></span> <span class='ocrx_word' id='word_1_366' title='bbox 394 3338 441 3389; x_wconf 81' lang='lat' dir='ltr'><strong>uel</strong></span> <span class='ocrx_word' id='word_1_367' title='bbox 457 3336 482 3388; x_wconf 91' lang='lat' dir='ltr'><strong>id</strong></span> <span class='ocrx_word' id='word_1_368' title='bbox 500 3337 545 3388; x_wconf 91' lang='lat' dir='ltr'><strong>nbi</strong></span> <span class='ocrx_word' id='word_1_369' title='bbox 562 3341 583 3402; x_wconf 87' lang='grc' dir='ltr'><em>ς</em></span> <span class='ocrx_word' id='word_1_370' title='bbox 611 3336 688 3388; x_wconf 82' lang='lat' dir='ltr'><strong>dubia</strong></span> <span class='ocrx_word' id='word_1_371' title='bbox 708 3337 750 3405; x_wconf 78' lang='grc' dir='ltr'><strong>ΡΙΙ</strong></span> <span class='ocrx_word' id='word_1_372' title='bbox 763 3340 795 3391; x_wconf 88' lang='grc'><strong>20</strong></span> <span class='ocrx_word' id='word_1_373' title='bbox 813 3342 920 3390; x_wconf 82' lang='lat' dir='ltr'><strong>maturae</strong></span> <span class='ocrx_word' id='word_1_374' title='bbox 939 3338 1026 3402; x_wconf 77' lang='grc' dir='ltr'><strong>Ρ121</strong></span> <span class='ocrx_word' id='word_1_375' title='bbox 1045 3335 1210 3403; x_wconf 84' lang='lat' dir='ltr'><strong>expeditione</strong></span> <span class='ocrx_word' id='word_1_376' title='bbox 1228 3337 1252 3386; x_wconf 91' lang='grc' dir='ltr'><em>Ρ</em></span> 
     </span>
     <span class='ocr_line' id='line_1_39' title="bbox 193 3404 1258 3473; baseline -0.003 -15"><span class='ocrx_word' id='word_1_377' title='bbox 193 3408 226 3459; x_wconf 88' lang='grc'><strong>22</strong></span> <span class='ocrx_word' id='word_1_378' title='bbox 239 3405 271 3458; x_wconf 88' lang='lat' dir='ltr'><strong>de</strong></span> <span class='ocrx_word' id='word_1_379' title='bbox 283 3405 345 3457; x_wconf 87' lang='lat' dir='ltr'><strong>add.</strong></span> <span class='ocrx_word' id='word_1_380' title='bbox 357 3405 473 3472; x_wconf 73' lang='lat' dir='ltr'><strong>Lipsius,</strong></span> <span class='ocrx_word' id='word_1_381' title='bbox 491 3421 542 3457; x_wconf 84' lang='lat' dir='ltr'><strong>om.</strong></span> <span class='ocrx_word' id='word_1_382' title='bbox 554 3405 598 3470; x_wconf 77' lang='lat' dir='ltr'><strong>Pp</strong></span> <span class='ocrx_word' id='word_1_383' title='bbox 610 3406 643 3456; x_wconf 78' lang='grc'><strong>24</strong></span> <span class='ocrx_word' id='word_1_384' title='bbox 655 3405 733 3457; x_wconf 85' lang='lat' dir='ltr'><strong>scalis</strong></span> <span class='ocrx_word' id='word_1_385' title='bbox 745 3404 788 3473; x_wconf 91' lang='grc' dir='ltr'><strong>ΡΙ</strong></span> <span class='ocrx_word' id='word_1_386' title='bbox 801 3407 834 3458; x_wconf 92' lang='grc'><strong>26</strong></span> <span class='ocrx_word' id='word_1_387' title='bbox 850 3405 894 3456; x_wconf 91' lang='lat' dir='ltr'><strong>alii</strong></span> <span class='ocrx_word' id='word_1_388' title='bbox 906 3405 942 3455; x_wconf 75' lang='lat'><strong>1¹¹</strong></span> <span class='ocrx_word' id='word_1_389' title='bbox 968 3404 1001 3457; x_wconf 89' lang='lat' dir='ltr'><strong>all</strong></span> <span class='ocrx_word' id='word_1_390' title='bbox 1014 3405 1046 3455; x_wconf 86' lang='grc' dir='ltr'><strong>ΡΙ</strong></span> <span class='ocrx_word' id='word_1_391' title='bbox 1059 3404 1069 3471; x_wconf 83' lang='grc' dir='ltr'><strong>ΙΙ</strong></span> <span class='ocrx_word' id='word_1_392' title='bbox 1100 3404 1258 3470; x_wconf 78' lang='lat' dir='ltr'><strong>riolornmP</strong></span> 
     </span>
     <span class='ocr_line' id='line_1_40' title="bbox 194 3472 1277 3542; baseline -0.002 -16"><span class='ocrx_word' id='word_1_393' title='bbox 194 3476 227 3526; x_wconf 74' lang='lat'><strong>27</strong></span> <span class='ocrx_word' id='word_1_394' title='bbox 244 3473 340 3525; x_wconf 89' lang='lat' dir='ltr'><strong>iamille</strong></span> <span class='ocrx_word' id='word_1_395' title='bbox 358 3474 483 3539; x_wconf 73' lang='lat' dir='ltr'><strong>Platori</strong></span> <span class='ocrx_word' id='word_1_396' title='bbox 502 3473 563 3525; x_wconf 76' lang='lat' dir='ltr'><strong>add</strong></span> <span class='ocrx_word' id='word_1_397' title='bbox 582 3472 701 3540; x_wconf 68' lang='lat' dir='ltr'><strong>Heilung,</strong></span> <span class='ocrx_word' id='word_1_398' title='bbox 719 3489 768 3525; x_wconf 82' lang='lat' dir='ltr'><strong>om.</strong></span> <span class='ocrx_word' id='word_1_399' title='bbox 787 3475 823 3537; x_wconf 90' lang='grc' dir='ltr'><strong>Ρ,·</strong></span> <span class='ocrx_word' id='word_1_400' title='bbox 844 3472 950 3542; x_wconf 90' lang='lat' dir='ltr'><strong>&lt;turrim</strong></span> <span class='ocrx_word' id='word_1_401' title='bbox 969 3479 996 3526; x_wconf 91' lang='lat' dir='ltr'><strong>et</strong></span> <span class='ocrx_word' id='word_1_402' title='bbox 1014 3474 1078 3524; x_wconf 88' lang='lat' dir='ltr'><strong>muri</strong></span> <span class='ocrx_word' id='word_1_403' title='bbox 1113 3478 1214 3539; x_wconf 89' lang='lat' dir='ltr'><strong>partem</strong></span> <span class='ocrx_word' id='word_1_404' title='bbox 1233 3473 1277 3523; x_wconf 66' lang='lat' dir='ltr'><strong>de</strong></span> 
     </span>
     <span class='ocr_line' id='line_1_41' title="bbox 192 3540 1275 3611; baseline -0.001 -20"><span class='ocrx_word' id='word_1_405' title='bbox 192 3541 296 3592; x_wconf 72' lang='lat' dir='ltr'><strong>uiderat</strong></span> <span class='ocrx_word' id='word_1_406' title='bbox 307 3540 450 3594; x_wconf 80' lang='lat' dir='ltr'><strong>Waiarcnb.</strong></span> <span class='ocrx_word' id='word_1_407' title='bbox 463 3541 523 3593; x_wconf 77' lang='lat' dir='ltr'><strong>cult</strong></span> <span class='ocrx_word' id='word_1_408' title='bbox 535 3542 604 3593; x_wconf 69' lang='lat' dir='ltr'><strong>Part.</strong></span> <span class='ocrx_word' id='word_1_409' title='bbox 616 3541 701 3594; x_wconf 76' lang='lat' dir='ltr'><strong>Mor-c.</strong></span> <span class='ocrx_word' id='word_1_410' title='bbox 714 3541 781 3605; x_wconf 86' lang='lat'><strong>18,3</strong></span> <span class='ocrx_word' id='word_1_411' title='bbox 799 3548 896 3610; x_wconf 86' lang='lat' dir='ltr'><strong>partem</strong></span> <span class='ocrx_word' id='word_1_412' title='bbox 908 3541 1014 3611; x_wconf 86' lang='lat' dir='ltr'><strong>(urbis)</strong></span> <span class='ocrx_word' id='word_1_413' title='bbox 1027 3541 1093 3592; x_wconf 77' lang='lat' dir='ltr'><strong>draca</strong></span> <span class='ocrx_word' id='word_1_414' title='bbox 1105 3541 1275 3606; x_wconf 75' lang='lat' dir='ltr'><strong>Hauriagcro</strong></span> 
     </span>
     <span class='ocr_line' id='line_1_42' title="bbox 193 3607 1277 3678; baseline 0.003 -20"><span class='ocrx_word' id='word_1_415' title='bbox 193 3610 239 3660; x_wconf 78' lang='lat' dir='ltr'><strong>nal</strong></span> <span class='ocrx_word' id='word_1_416' title='bbox 254 3613 352 3677; x_wconf 84' lang='lat' dir='ltr'><strong>partem</strong></span> <span class='ocrx_word' id='word_1_417' title='bbox 369 3607 470 3678; x_wconf 82' lang='lat' dir='ltr'><strong>(muri)</strong></span> <span class='ocrx_word' id='word_1_418' title='bbox 487 3611 519 3661; x_wconf 89' lang='lat' dir='ltr'><strong>H.</strong></span> <span class='ocrx_word' id='word_1_419' title='bbox 532 3611 556 3661; x_wconf 87' lang='lat' dir='ltr'><strong>J.</strong></span> <span class='ocrx_word' id='word_1_420' title='bbox 568 3610 708 3676; x_wconf 73' lang='lat' dir='ltr'><strong>Mueller-l</strong></span> <span class='ocrx_word' id='word_1_421' title='bbox 728 3611 760 3662; x_wconf 81' lang='grc'><strong>28</strong></span> <span class='ocrx_word' id='word_1_422' title='bbox 779 3614 840 3662; x_wconf 89' lang='lat' dir='ltr'><strong>sont</strong></span> <span class='ocrx_word' id='word_1_423' title='bbox 858 3610 949 3678; x_wconf 88' lang='lat' dir='ltr'><strong>copiae</strong></span> <span class='ocrx_word' id='word_1_424' title='bbox 966 3609 1028 3662; x_wconf 85' lang='lat' dir='ltr'><strong>odd.</strong></span> <span class='ocrx_word' id='word_1_425' title='bbox 1051 3607 1195 3660; x_wconf 70' lang='lat' dir='ltr'><strong>Waasant.</strong></span> <span class='ocrx_word' id='word_1_426' title='bbox 1223 3611 1277 3672; x_wconf 87' lang='lat' dir='ltr'><strong>(co-</strong></span> 
     </span>
     <span class='ocr_line' id='line_1_43' title="bbox 194 3677 1275 3745; baseline 0 -17"><span class='ocrx_word' id='word_1_427' title='bbox 194 3677 251 3745; x_wconf 86' lang='lat' dir='ltr'><strong>piae</strong></span> <span class='ocrx_word' id='word_1_428' title='bbox 267 3680 323 3728; x_wconf 82' lang='lat' dir='ltr'><strong>iam</strong></span> <span class='ocrx_word' id='word_1_429' title='bbox 341 3678 492 3743; x_wconf 71' lang='lat' dir='ltr'><strong>uaotnger</strong></span> <span class='ocrx_word' id='word_1_430' title='bbox 508 3683 572 3729; x_wconf 79' lang='lat' dir='ltr'><strong>nota</strong></span> <span class='ocrx_word' id='word_1_431' title='bbox 589 3677 708 3730; x_wconf 85' lang='lat' dir='ltr'><strong>admotae</strong></span> <span class='ocrx_word' id='word_1_432' title='bbox 726 3677 877 3742; x_wconf 80' lang='lat' dir='ltr'><strong>addiderat,</strong></span> <span class='ocrx_word' id='word_1_433' title='bbox 896 3683 960 3744; x_wconf 81' lang='lat' dir='ltr'><strong>port</strong></span> <span class='ocrx_word' id='word_1_434' title='bbox 976 3677 1095 3730; x_wconf 81' lang='lat' dir='ltr'><strong>admotae</strong></span> <span class='ocrx_word' id='word_1_435' title='bbox 1113 3677 1275 3742; x_wconf 73' lang='lat' dir='ltr'><strong>Boettcher),</strong></span> 
     </span>
    </p>
   </div>
   <div class='ocr_carea' id='block_1_4' title="bbox 193 3744 1275 3865">
    <p class='ocr_par' dir='ltr' id='par_1_14' title="bbox 193 3744 1275 3865">
     <span class='ocr_line' id='line_1_44' title="bbox 193 3744 1275 3865; baseline 0 -68"><span class='ocrx_word' id='word_1_436' title='bbox 193 3761 245 3797; x_wconf 84' lang='lat' dir='ltr'><strong>om.</strong></span> <span class='ocrx_word' id='word_1_437' title='bbox 258 3746 280 3795; x_wconf 93' lang='grc' dir='ltr'><em>Ρ</em></span> <span class='ocrx_word' id='word_1_438' title='bbox 312 3747 345 3798; x_wconf 84' lang='lat'><strong>29</strong></span> <span class='ocrx_word' id='word_1_439' title='bbox 358 3760 410 3812; x_wconf 90' lang='lat' dir='ltr'><strong>quo</strong></span> <span class='ocrx_word' id='word_1_440' title='bbox 423 3753 443 3808; x_wconf 85' lang='grc' dir='ltr'><strong><em>ς</em></strong></span> <span class='ocrx_word' id='word_1_441' title='bbox 468 3761 519 3812; x_wconf 88' lang='lat' dir='ltr'><strong>que</strong></span> <span class='ocrx_word' id='word_1_442' title='bbox 531 3744 619 3865; x_wconf 60' lang='lat' dir='ltr'><strong>Pldb</strong></span> <span class='ocrx_word' id='word_1_443' title='bbox 638 3744 773 3798; x_wconf 86' lang='lat' dir='ltr'><strong>custodum</strong></span> <span class='ocrx_word' id='word_1_444' title='bbox 791 3747 837 3797; x_wconf 81' lang='lat' dir='ltr'><strong>ool</strong></span> <span class='ocrx_word' id='word_1_445' title='bbox 853 3746 959 3812; x_wconf 84' lang='lat' dir='ltr'><strong>uigilum</strong></span> <span class='ocrx_word' id='word_1_446' title='bbox 975 3748 1000 3798; x_wconf 82' lang='lat' dir='ltr'><strong>b.</strong></span> <span class='ocrx_word' id='word_1_447' title='bbox 1014 3746 1031 3800; x_wconf 90' lang='lat' dir='ltr'><strong>l.</strong></span> <span class='ocrx_word' id='word_1_448' title='bbox 1042 3745 1088 3797; x_wconf 83' lang='lat' dir='ltr'><strong>uel</strong></span> <span class='ocrx_word' id='word_1_449' title='bbox 1098 3749 1162 3796; x_wconf 75' lang='lat' dir='ltr'><strong>arato</strong></span> <span class='ocrx_word' id='word_1_450' title='bbox 1183 3760 1275 3812; x_wconf 86' lang='lat' dir='ltr'><strong>magna</strong></span> 
     </span>
    </p>
   </div>
   <div class='ocr_carea' id='block_1_5' title="bbox 194 3813 889 3880">
    <p class='ocr_par' dir='ltr' id='par_1_15' title="bbox 194 3813 889 3880">
     <span class='ocr_line' id='line_1_45' title="bbox 194 3813 889 3880; baseline -0.001 -14"><span class='ocrx_word' id='word_1_451' title='bbox 194 3832 211 3866; x_wconf 85' lang='lat' dir='ltr'><strong>a</strong></span> <span class='ocrx_word' id='word_1_452' title='bbox 363 3816 466 3865; x_wconf 81' lang='lat' dir='ltr'><strong>conieci</strong></span> <span class='ocrx_word' id='word_1_453' title='bbox 482 3814 541 3865; x_wconf 79' lang='lat' dir='ltr'><strong>Idm.</strong></span> <span class='ocrx_word' id='word_1_454' title='bbox 584 3817 621 3868; x_wconf 81' lang='grc' dir='ltr'><strong>ἰιι.</strong></span> <span class='ocrx_word' id='word_1_455' title='bbox 635 3814 680 3865; x_wconf 87' lang='lat'><strong>111</strong></span> <span class='ocrx_word' id='word_1_456' title='bbox 689 3813 779 3880; x_wconf 82' lang='lat' dir='ltr'><strong>2an.,</strong></span> <span class='ocrx_word' id='word_1_457' title='bbox 797 3829 847 3866; x_wconf 86' lang='lat' dir='ltr'><strong>om.</strong></span> <span class='ocrx_word' id='word_1_458' title='bbox 865 3815 889 3865; x_wconf 94' lang='grc' dir='ltr'><em>Ρ</em></span> 
     </span>
    </p>
   </div>
   <div class='ocr_carea' id='block_1_6' title="bbox 0 0 1372 4250">
    <p class='ocr_par' dir='ltr' id='par_1_16' title="bbox 0 0 1372 4250">
     <span class='ocr_line' id='line_1_46' title="bbox 0 0 1372 4250; baseline 0 0"><span class='ocrx_word' id='word_1_459' title='bbox 0 0 1372 4250; x_wconf 95' lang='lat' dir='ltr'><strong> </strong></span> 
     </span>
    </p>
   </div>
  </div>
 </body>
</html>
