2734 4250
190 115 230 175 10
594 116 690 170 UBER
707 116 795 182 XXVI,
814 120 837 171 8.
856 121 872 173 9
1120 144 1140 177 a.
1155 146 1178 179 n.
1193 145 1215 177 c.
1230 136 1277 179 tta

188 289 334 352 habereut
355 299 385 350 et
406 308 441 349 ex
464 289 543 369 agris
565 288 660 351 deuiis
682 290 713 351 iu
728 290 807 351 uiam
822 290 994 371 proterrent
1008 290 1214 371 praesidiaque
1240 292 1276 353 in

155 408 157 411 >
187 375 279 436 urbes
301 374 523 449 contraherent,
545 384 579 435 ut
599 392 652 436 sua
669 374 779 454 cuique
801 393 849 437 res
871 375 990 455 publica
1012 376 1042 438 in
1064 394 1156 437 manu
1179 385 1278 439 esset.

151 474 171 531 p
274 458 422 521 Hannibal
437 478 498 538 quo
514 458 560 520 die
577 458 757 521 Vulturnum
773 468 818 521 est
834 468 1046 540 transgressus,
1069 461 1146 522 baud
1161 462 1278 543 procul

150 556 204 607 ta
226 545 349 607 flumine
378 554 473 607 castra
495 545 610 624 posuit;
638 554 759 625 postero
785 545 832 607 die
858 554 976 625 praeter
998 544 1080 607 Cales
1108 546 1276 626 inagnum

189 630 354 694 Sidicinum
376 630 525 709 peruenit
569 630 610 691 ibi
635 630 713 691 diem
740 648 834 693 unum
863 632 1035 711 populando
1060 640 1192 694 moratus
1214 650 1278 711 per
1307 642 1325 691 5

189 717 371 779 Suessanum
386 716 606 794 Allifanumque
627 724 659 777 et
679 715 845 777 Casinatem
861 734 965 797 agrum
988 717 1036 779 uia
1052 716 1154 779 Latina
1176 716 1275 779 ducit.

188 802 245 863 sub
268 801 374 863 Casino
397 800 487 862 biduo
509 801 615 862 statiua
637 801 736 863 habita
752 808 781 861 et
803 802 912 880 passim
935 801 1142 882 populationes
1163 803 1274 863 lactan.

152 886 257 948 ainde
280 895 398 967 praeter
421 885 620 948 interamnam
642 886 853 966 Aquinumque
877 886 908 947 in
933 886 1140 967 Fregellanum
1161 905 1275 967 agrum

187 972 223 1033 ad
239 971 329 1033 Lirim
351 971 478 1033 fluuium
500 980 635 1043 uentum,
658 970 709 1032 ubi
725 972 898 1033 intercisum
913 981 1036 1053 pontem
1053 990 1070 1033 a
1084 971 1275 1051 Fregellanis

150 1057 323 1119 tmomndi
345 1056 461 1118 itineris
475 1073 562 1118 causa
579 1056 706 1117 inuenit
744 1065 773 1117 et
788 1056 926 1118 Fuluium
942 1056 1108 1120 Vulturnus
1128 1067 1274 1121 tenuerat
1306 1067 1339 1119 tu

187 1143 283 1204 amuis
299 1141 426 1204 nauibus
441 1141 477 1203 ab
494 1140 660 1203 Hannibale
674 1142 807 1203 incensis
821 1152 900 1205 rates
915 1143 950 1204 ad
971 1142 1166 1205 traiciendum
1181 1160 1274 1205 exer·

150 1240 167 1289 o
189 1229 280 1290 citum
301 1228 332 1289 iu
355 1245 461 1307 magua
484 1227 584 1308 iuopia
607 1227 747 1289 materiae
770 1245 858 1307 aegre
873 1237 1106 1307 comparantem.
1143 1228 1274 1290 traiecto

188 1314 301 1376 ratibus
323 1312 455 1374 exercitu
477 1311 601 1373 relicum
620 1312 727 1374 Fuluio
743 1313 911 1392 expeditum
934 1314 991 1375 iter
1015 1332 1076 1375 uon
1100 1331 1154 1393 per
1176 1312 1275 1377 urbes

188 1400 277 1461 modo
300 1397 351 1460 sed
374 1398 454 1459 circa
476 1398 556 1459 uiam
571 1398 712 1477 expositis
726 1396 856 1477 benigne
876 1398 1089 1461 commeatibus
1111 1408 1183 1471 erat,
1205 1398 1273 1461 ala-

189 1502 315 1563 cresque
330 1482 437 1545 milites
452 1482 527 1544 alius
541 1482 642 1554 abum,
659 1491 695 1543 ut
707 1483 828 1544 adderet
841 1483 964 1563 gradum
979 1502 1095 1545 memor
1109 1484 1144 1545 ad
1160 1484 1271 1545 deien-
1298 1492 1331 1543 15

151 1569 314 1631 odendam
336 1568 372 1630 iri
395 1568 529 1647 patriam,
552 1566 758 1629 hortabantur.
795 1568 919 1630 Romam
934 1568 1126 1649 Fregellanus
1141 1569 1273 1631 nuntius

189 1654 267 1716 diem
290 1662 469 1733 noctemque
491 1653 598 1715 itinere
616 1654 790 1715 continuato
812 1654 964 1735 ingentem
986 1654 1083 1716 attulit
1103 1663 1271 1731 terrorem;

189 1738 415 1811 tumultuosius,
444 1756 532 1817 quam
560 1740 640 1818 quod
670 1737 790 1800 allatum
812 1748 891 1813 erat,
916 1757 1082 1801 concursus
1109 1740 1271 1801 bominum

151 1823 400 1905 tadfiugeutium
430 1841 507 1884 uana
541 1823 648 1886 auditis
681 1832 773 1886 totam
802 1823 907 1885 urbem
936 1826 1074 1886 concitat
1132 1825 1272 1904 ploratus

189 1908 346 1971 mulierum
376 1927 436 1969 non
460 1927 496 1969 ex
517 1908 642 1988 priuatis
666 1908 763 1970 solum
794 1908 930 1971 domibus
957 1909 1184 1984 exaudiebatur,
1214 1910 1271 1972 sed
1299 1920 1332 1973 tt

189 1994 321 2073 undique
342 2002 496 2054 matronae
518 1994 549 2055 in
566 1992 720 2074 publicum
735 1994 845 2057 eliusac
861 1994 940 2056 circa
954 1993 1043 2056 deum
1060 1994 1183 2057 delubra
1203 1994 1269 2058 dis·

150 2088 166 2141 8
188 2089 323 2155 currunt,
338 2077 473 2142 crinibus
488 2078 582 2161 passis
599 2098 666 2142 aras
689 2089 853 2156 acuentes,
877 2080 962 2143 nixae
984 2078 1120 2160 genibus,
1141 2080 1269 2161 supinas

189 2184 294 2227 manus
322 2165 359 2227 ad
387 2165 501 2226 caelum
529 2184 564 2226 ac
591 2164 663 2226 deos
691 2166 849 2228 tendentes
877 2174 1070 2246 orantesque,
1099 2174 1132 2228 ut
1158 2164 1270 2228 urbem

189 2251 351 2312 Romanam
373 2269 390 2312 e
412 2249 552 2312 manibus
572 2249 701 2313 bostium
717 2251 869 2330 eriperent
884 2259 1053 2331 matresque
1068 2251 1215 2313 Romanas
1238 2262 1271 2314 et

152 2346 168 2397 9
188 2336 299 2399 liberos
320 2353 430 2416 paruos
452 2335 612 2398 inuiolatos
633 2345 796 2398 seruarent.
839 2346 959 2398 senatus
989 2335 1208 2416 magistratibus
1238 2338 1272 2398 in
1301 2349 1334 2400 z

188 2423 255 2483 iuro
271 2430 390 2502 praesto
405 2430 459 2495 est,
474 2421 500 2483 si
514 2420 586 2500 quid
600 2421 759 2483 consulere
775 2421 879 2486 uelint.
916 2421 964 2483 alii
979 2421 1130 2502 accipiunt
1143 2422 1271 2501 imperia

189 2507 404 2587 disceduntque
425 2506 461 2567 ad
477 2523 546 2568 suas
561 2507 688 2587 quisque
703 2506 871 2570 officiorum
886 2517 994 2587 partes,
1016 2507 1065 2568 alii
1080 2507 1210 2568 offerunt
1225 2527 1270 2580 se,

188 2592 213 2653 si
235 2611 296 2671 quo
317 2609 389 2654 ursus
417 2610 526 2671 operae
554 2591 602 2653 sit.
645 2591 790 2671 praesidia
818 2592 849 2654 iu
877 2610 964 2666 arce,
992 2592 1022 2652 in
1047 2591 1205 2672 Capitolio,
1235 2593 1268 2654 in

189 2677 291 2750 muris,
311 2678 390 2739 circa
406 2676 522 2752 urbem,
540 2677 571 2738 iu
588 2685 691 2738 moute
707 2677 793 2738 etiam
809 2677 924 2739 Albano
938 2685 1027 2758 atque
1042 2695 1109 2739 arce
1123 2677 1268 2740 Aefulana

140 2771 169 2822 tu
190 2770 355 2842 ponuntur.
391 2761 471 2823 inter
491 2763 574 2824 bunc
589 2761 750 2824 tumultum
764 2762 800 2833 Q.
816 2761 955 2826 Fuluium
969 2763 1180 2842 proconsulem
1194 2781 1269 2842 pro·
1296 2777 1333 2830 sn

189 2847 300 2908 lectum
315 2865 383 2908 cnm
399 2847 530 2908 exercitu
546 2847 644 2927 Capua
665 2846 811 2924 adlertur;
834 2848 882 2910 cui
905 2867 943 2910 ue
965 2847 1151 2910 minueretur
1172 2847 1268 2928 impe·

189 2932 277 3007 dum,
299 2931 324 2993 si
346 2932 376 2993 in
401 2931 506 2994 urbem
524 2933 666 3007 uenisset,
688 2930 823 2994 decernit
840 2941 969 3008 senatus,
992 2941 1025 2995 ut
1040 2933 1075 3004 Q.
1092 2932 1195 2996 Fuluio
1211 2951 1268 3013 par

258 3118 274 3169 d
291 3117 334 3168 die
351 3120 371 3180 ς
388 3116 420 3169 de
439 3118 461 3168 Ρ
493 3120 656 3182 ιηιιςτεωυε
673 3116 716 3184 ΡΙ
729 3119 744 3169 b
757 3131 906 3169 numanum
921 3117 1060 3170 moestus
1071 3116 1214 3170 suessulam
1226 3120 1266 3186 Pl

189 3183 349 3252 allitanumq.
367 3187 391 3237 P
405 3199 469 3236 uena
482 3199 623 3252 renumque
642 3183 781 3236 moerim
794 3182 805 3252 Ι
817 3183 894 3238 ducit
912 3183 960 3238 sub
973 3185 1062 3237 casiam
1077 3185 1267 3238 Weissenborn

189 3254 263 3316 otim,
283 3253 381 3318 Ussing
398 3251 469 3304 ducit
485 3252 534 3303 sub
552 3253 666 3304 casinum
680 3252 784 3305 Pducit
796 3253 844 3304 sub
857 3253 980 3305 malarum.
992 3251 1065 3322 (ibi)
1081 3252 1267 3307 Weissenborn

184 3327 279 3388 postea
291 3322 329 3390 l⁷
347 3321 452 3374 biduum
475 3317 655 3384 Wesenberg!
669 3321 684 3373 8
704 3320 902 3386 integramuam,
926 3322 974 3374 aad
991 3336 1137 3387 qprorraas
1153 3321 1266 3386 pallida,

188 3389 231 3456 ΡΙ
245 3393 277 3444 13
295 3389 419 3442 relicuum
436 3388 480 3455 ΡΙ
494 3391 524 3441 15
544 3389 610 3441 alius
626 3387 705 3440 aliam
723 3389 746 3438 Ρ
780 3390 811 3441 16
829 3389 930 3442 uastius
949 3387 992 3470 Pl
1005 3393 1037 3443 18
1050 3387 1119 3457 quod
1136 3387 1266 3442 Weissen-

189 3460 266 3523 born,
283 3474 326 3509 one
342 3458 366 3508 Ρ
380 3458 468 3509 Modo.
481 3457 492 3524 ΙΙ
505 3470 644 3509 concursus
660 3457 723 3508 aad.
759 3455 842 3508 salter
855 3459 949 3520 (etiam
966 3456 1098 3510 discursus
1111 3463 1204 3523 epten
1217 3460 1265 3522 rit)

189 3539 265 3578 cursu
283 3527 409 3577 Pcursus
427 3527 570 3578 Ascensr'aes
588 3525 655 3577 1513
669 3524 813 3578 Weissenb.
831 3531 999 3593 propagatum
1017 3525 1135 3578 discursu
1154 3523 1266 3593 uadem

190 3607 314 3645 concursu
331 3593 557 3660 Friedersdorff!
571 3596 602 3647 ts
620 3593 796 3645 concitatae!
811 3595 959 3647 conciuerat
976 3597 995 3659 ς
1022 3593 1143 3646 conciliat
1161 3594 1185 3644 P
1205 3609 1266 3647 cnu-

190 3660 259 3712 cibat
278 3661 426 3712 Salmasius
445 3663 591 3713 concitante
608 3659 832 3727 Friedersdorffl
844 3662 878 3714 20
895 3659 1096 3714 exaudiebantur
1113 3661 1201 3730 5122
1219 3664 1267 3716 cri·

190 3728 267 3781 nibus
278 3727 312 3781 Ρ
323 3729 472 3780 criminibus
484 3729 517 3781 ΡΙ
530 3730 540 3793 l
552 3744 624 3781 areas
636 3729 873 3793 Schweighaeuser
884 3729 923 3782 od
933 3729 1024 3798 Polyb.
1033 3729 1113 3796 9,c,3
1125 3729 1136 3799 l
1148 3731 1181 3784 26
1194 3745 1267 3798 prae-

190 3801 259 3849 stost
275 3796 297 3850 si
316 3796 373 3864 quit
390 3797 495 3849 consule
513 3797 599 3865 Ρ131
619 3795 665 3864 (a)
682 3811 763 3865 capua
781 3801 800 3862 ς
