2734 4250
204 110 244 170 74
595 108 690 162 llBER
707 110 781 174 XXII,
801 113 841 165 11.
856 113 886 164 12
1145 137 1166 168 ι.
1178 138 1201 170 u.
1212 127 1278 169 etti

66 325 68 328 -
165 296 181 345 o
201 283 355 346 lictoribus
370 284 405 344 ad
427 282 600 344 dictatorem
624 282 750 343 ueniret.
788 281 839 360 qui
860 299 927 342 cum
943 280 1021 342 dicto
1038 281 1187 361 paruisset
1208 300 1279 342 con-

203 387 381 448 gressusque
393 387 497 429 eornm
509 368 661 446 ingentem
671 366 801 445 speciem
819 366 981 427 dictaturae
991 375 1062 445 aput
1073 367 1155 427 ciues
1170 366 1281 427 socios-

203 473 262 534 que
284 462 432 515 uetustate
454 454 510 514 iam
533 471 627 532 prope
649 450 756 512 oblitos
783 452 846 513 eius
868 451 982 531 imperii
1004 450 1137 524 fecisset,
1169 450 1282 511 litterae

204 541 239 601 ab
270 537 346 600 urbe
374 537 475 600 allatae
504 547 590 610 sunt,
621 554 714 597 naues
741 536 892 597 onerarias
919 544 1116 596 commeatum
1141 534 1178 596 ab
1202 535 1282 597 Ostia

204 628 234 687 in
261 623 433 704 Hispaniam
450 622 496 684 'ad
526 622 686 683 exercitum
715 630 868 701 portantes
897 640 913 681 a
943 620 1035 682 classe
1064 620 1176 681 Punica
1205 621 1317 681 circat

168 718 322 791 tportum
346 709 495 771 Cosanum
516 717 616 787 captas
638 724 711 768 esse.
750 706 849 785 itaque
872 705 1018 784 extemplo
1041 704 1145 767 consul
1170 704 1283 766 Ostiam

204 794 351 875 proficisci
381 794 478 855 iussus
507 791 710 871 nauibusque,
740 809 815 870 quae
844 790 879 852 ad
909 790 1015 852 urbem
1041 790 1203 851 Romanam
1233 802 1285 850 aut

206 879 305 941 Ostiae
333 888 447 952 essent,
476 876 630 956 completis
659 876 752 937 milite
782 895 816 937 ac
845 875 1000 937 naualibus
1027 876 1115 937 sociis
1144 876 1285 955 persequi

167 962 333 1026 thostium
355 963 477 1023 classem
499 981 533 1023 ac
555 962 639 1023 litora
663 961 762 1021 ltaliae
784 962 883 1022 tutari.
928 977 1032 1039 magna
1060 960 1106 1021 nis
1128 959 1285 1020 bominum

205 1049 373 1127 conscripta
389 1047 500 1109 Romae
523 1056 601 1131 erat3
623 1047 755 1108 libertini
774 1046 871 1118 etiam,
894 1046 1003 1125 quibus
1025 1044 1110 1105 liberi
1134 1054 1234 1105 essent
1259 1053 1330 1105 etto

169 1144 284 1194 saetas
306 1133 455 1203 militarie,
484 1132 514 1192 in
538 1132 629 1192 uerba
651 1132 832 1192 iurauerant.
876 1148 911 1191 ex
934 1130 990 1191 boc
1012 1129 1128 1190 urbano
1151 1129 1286 1190 exercitu

207 1220 257 1298 qui
278 1219 411 1280 minores
432 1217 565 1295 quinque
587 1227 616 1277 et
637 1218 759 1296 triginta
783 1216 869 1277 annis
891 1224 975 1275 erant
997 1215 1027 1274 in
1045 1214 1130 1275 nauis
1152 1213 1286 1293 inpositi,

206 1304 265 1378 alii,
288 1314 320 1365 ut
342 1302 409 1363 urbi
431 1301 643 1382 praesiderent,
665 1300 771 1363 relicti.

154 1394 189 1450 12
293 1388 425 1449 Dictator
446 1387 576 1447 exercitu
599 1386 730 1447 consulis
752 1384 912 1464 accepto'a
931 1384 1036 1445 Fuluio
1059 1383 1164 1445 Flacco
1187 1384 1286 1463 legato

207 1491 380 1554 peregrum
396 1470 540 1533 Sabinum
555 1470 658 1543 Tibur,
676 1489 736 1550 quo
752 1471 829 1532 diem
846 1470 882 1530 ad
898 1468 1139 1531 conueniendum
1155 1468 1288 1530 edixerat
1309 1480 1331 1528 15

170 1570 185 1619 2
209 1559 294 1620 nouis
316 1555 466 1629 militibus,
489 1556 581 1616 uenit
622 1555 692 1616 inde
707 1556 866 1616 Praeneste
888 1572 921 1615 ao
944 1554 1122 1615 transuersis
1143 1552 1288 1615 limitibus

207 1645 238 1703 in
255 1643 333 1703 niam
348 1640 482 1701 Latinam
498 1649 543 1701 est
557 1658 702 1719 egressus,
724 1639 806 1701 unde
822 1638 979 1701 itineribus
993 1656 1108 1699 summe
1130 1656 1199 1699 cum
1216 1656 1287 1699 cura

207 1726 366 1805 exploratis
388 1724 424 1785 ad
439 1725 554 1786 bostem
577 1724 667 1798 ducit,
692 1724 773 1786 nullo
790 1724 865 1799 loco,
889 1724 945 1786 nisi
967 1732 1110 1803 qnantum
1126 1723 1289 1785 necessitas

171 1823 187 1871 c
208 1820 337 1889 cogeret,
354 1811 489 1871 lonunae
505 1828 537 1870 se
553 1810 775 1872 commissurus.
813 1827 873 1888 quo
888 1809 1015 1888 primum
1032 1808 1078 1869 die
1093 1808 1165 1869 baut
1179 1807 1288 1887 procul

209 1896 297 1975 Arpis
319 1896 348 1955 in
379 1903 542 1974 conspectu
571 1894 700 1957 hostium
723 1894 822 1974 posuit
844 1904 953 1968 castra,
986 1893 1066 1955 nulla
1095 1912 1179 1955 more
1202 1894 1290 1967 facta,
1311 1902 1335 1951 nt

210 1981 281 2060 quin
305 1980 425 2041 Poenus
447 1980 587 2041 educeret
608 1979 639 2040 in
666 1980 759 2041 aciem
787 1980 962 2059 copiamque
985 1978 1138 2059 pugnandi
1167 1980 1289 2039 laceret.

171 2076 187 2126 4
207 2065 258 2128 sed
283 2065 332 2127 ubi
347 2065 447 2144 quieta
463 2064 562 2127 omnia
584 2073 657 2144 aput
672 2065 772 2127 hostes
795 2083 851 2125 nec
869 2074 963 2127 castra
978 2064 1039 2126 ullo
1061 2063 1191 2125 tumultu
1207 2074 1289 2126 mota

210 2151 299 2222 uidet,
321 2150 480 2231 increpans
503 2150 631 2229 quidem,
653 2150 750 2212 uictos
772 2149 891 2212 tandem
914 2151 1009 2228 [quos]
1029 2149 1148 2210 Martios
1170 2150 1289 2212 animos

209 2236 349 2297 Romanis
371 2235 609 2314 debellatumque
631 2245 661 2296 et
683 2253 858 2296 concessum
885 2234 1036 2314 propalam
1059 2234 1096 2295 de
1118 2233 1229 2295 uirtute
1253 2255 1287 2295 ae

171 2321 299 2401 ogloria
321 2340 401 2395 esse,
431 2321 461 2382 in
485 2331 580 2382 castra
602 2321 705 2396 rediit;
728 2329 859 2382 ceterum
882 2320 968 2380 tacita
990 2337 1060 2380 cura
1082 2319 1216 2380 animum
1239 2319 1288 2379 in·
1309 2327 1333 2376 tt

209 2407 310 2482 cessit,
343 2405 424 2485 quod
452 2424 519 2468 cum
549 2405 625 2466 duce
658 2404 882 2484 haudquaquam
911 2403 1035 2466 Flamini
1066 2404 1288 2483 Sempronique

208 2492 294 2554 simili
310 2492 408 2552 lutura
422 2491 479 2552 sibi
501 2509 549 2551 res
564 2499 642 2552 esset
663 2509 698 2551 ac
715 2501 778 2551 tum
801 2489 920 2550 demum
943 2489 1039 2552 edocti
1061 2487 1144 2550 malis
1160 2488 1288 2550 Romani

170 2586 307 2657 oparem
334 2575 491 2636 Hannibali
521 2575 628 2636 ducem
656 2576 850 2654 quaesissent.
894 2585 924 2634 et
950 2574 1137 2653 prudentiam
1167 2572 1288 2652 quidem

208 2665 280 2739 [non
309 2660 382 2735 uim]
411 2660 563 2721 dictatoris
591 2660 739 2740 extemplo
767 2659 880 2733 timuit3
917 2659 1111 2720 constantiam
1143 2658 1288 2719 bautdnm

209 2755 349 2825 expertus
371 2744 480 2823 agitare
503 2763 537 2805 ac
560 2754 704 2824 temptare
732 2745 863 2806 animum
886 2742 1034 2805 monendo
1062 2741 1169 2804 crebro
1192 2753 1290 2804 castra
1310 2751 1337 2799 tt

172 2841 186 2889 t
208 2828 439 2910 populandoque
460 2830 490 2890 in
516 2829 610 2890 oculis
632 2829 696 2890 eius
717 2847 805 2907 agros
830 2831 979 2890 sociorum
1003 2829 1116 2908 coepit;
1147 2837 1176 2888 et
1199 2827 1288 2889 modo

294 3031 309 3081 3
328 3028 432 3081 lecisset
449 3031 478 3079 in
497 3028 591 3081 iecisse
607 3034 673 3080 mut.
692 3031 723 3080 ΡΙ
737 3028 747 3095 ΙΙ
760 3029 860 3080 litterae
877 3028 907 3078 P¹
934 3027 1030 3080 liberae
1042 3028 1074 3078 P¹
1087 3027 1125 3095 114
1144 3029 1228 3080 hostie
1247 3031 1288 3095 Pp

208 3101 382 3152 Occnsanum
400 3096 468 3163 Pfll
488 3096 1040 3164 (1112250221)ῃὸπιὶΙίῐεεΡΙΗθεῑς
1066 3095 1102 3147 ita
1115 3097 1156 3164 ΡΙ
1172 3098 1288 3147 ltexer-

208 3167 274 3218 citus
287 3165 329 3232 Pq
345 3167 375 3217 15
388 3164 429 3216 die
442 3165 483 3233 ΡΙΙ
499 3167 530 3217 lb
548 3164 672 3216 limitibus
690 3169 719 3215 e'n
737 3164 862 3216 militibus
877 3169 944 3215 mut.
955 3165 988 3215 1²¹
1001 3164 1010 3231 ΙΙ
1025 3168 1055 3218 17
1069 3163 1136 3216 unde
1148 3162 1182 3215 1³⁸
1208 3163 1285 3217 uinde

207 3235 299 3302 P¹ll18
311 3235 344 3285 ab
357 3234 457 3285 hesum
471 3233 512 3298 ΡΙΙ
521 3236 552 3286 19
565 3238 610 3284 ent
621 3233 660 3300 ΡΙ
669 3236 702 3285 20
714 3233 782 3297 arpis
795 3233 819 3282 P
833 3233 901 3284 escis
914 3248 949 3282 ee·
960 3233 1052 3298 Polyb.
1063 3232 1089 3298 3,
1101 3231 1143 3298 88,
1155 3233 1172 3283 9
1186 3231 1267 3283 Gran.
1279 3232 1289 3301 Ι

209 3304 239 3355 21
254 3317 337 3369 penus
349 3300 390 3370 ΡΙ
404 3303 436 3353 22
454 3301 508 3352 nllo
521 3300 555 3351 P¹
583 3301 644 3352 uolo
657 3302 710 3366 P¹p
724 3302 757 3354 23
777 3315 842 3367 quos
855 3302 883 3360 P,
902 3300 952 3351 del.
964 3299 1045 3352 Valla
1062 3314 1123 3351 suos
1137 3300 1289 3351 Sabnasius

208 3370 269 3422 illos
285 3370 378 3434 Haupt
402 3368 540 3435 aliquando
554 3368 699 3421 Wea'srenb.
727 3367 845 3435 antiquos
860 3367 969 3419 Jenielre
997 3367 1113 3434 quemuis
1133 3367 1194 3418 oco
1222 3383 1289 3433 quos

208 3435 378 3505 (iactassent)
395 3435 493 3500 Neoclq
523 3441 550 3488 et
574 3451 682 3503 quassos
708 3437 792 3487 dubit.
816 3439 884 3488 coni.
903 3435 1031 3500 Zingerle
1049 3435 1121 3486 Oert.
1140 3435 1236 3501 Opim
1253 3434 1287 3487 27

210 3506 302 3568 (1876)
321 3503 371 3556 433
383 3504 393 3570 l
406 3507 440 3556 24
456 3511 484 3556 et
501 3519 678 3571 concessamq.
691 3505 715 3554 P
725 3504 734 3568 ΙΙ
746 3503 918 3570 propalandae
936 3503 1031 3555 ninute
1049 3503 1092 3570 ΡΙΙ
1105 3503 1137 3554 25
1157 3509 1244 3555 essent
1260 3503 1287 3553 in

211 3572 251 3636 Pl
264 3571 370 3622 incessit
388 3576 406 3634 ς
424 3572 546 3622 Muretus
563 3572 696 3623 incensum
714 3572 760 3638 ΡΙ
779 3573 811 3624 26
829 3571 1027 3638 haudquamqni
1046 3571 1088 3635 ΡΙ
1101 3569 1199 3622 flamini
1221 3585 1288 3623 sem·

210 3638 335 3704 pronique
347 3637 499 3697 Alschefski
523 3638 633 3690 flaminis
646 3637 771 3704 (flaminio
782 3639 827 3703 Ρ)
838 3640 1036 3705 sempronioque
1049 3639 1091 3705 ΡΙ]
1104 3640 1135 3691 22
1149 3639 1233 3690 simile
1244 3637 1289 3704 rt

210 3704 307 3757 etdocti
325 3704 367 3770 ΡΙΙ
381 3706 413 3757 29
431 3719 482 3756 non
500 3705 554 3756 nim
571 3706 599 3769 Ρ,
617 3722 685 3771 quae
703 3709 785 3756 uerba
802 3709 870 3756 milri
887 3708 1000 3756 institua
1018 3705 1156 3768 uideatur,
1176 3707 1236 3758 noni
1254 3712 1289 3768 (et

210 3772 323 3824 ductoris
334 3787 385 3838 pro
398 3771 540 3835 dictatoris)
553 3771 634 3824 Gron.
657 3788 751 3825 nonem
767 3773 948 3824 Luterbacher
956 3773 966 3841 ΙΙ
974 3773 1092 3838 exemplo
1105 3773 1142 3839 Pil
1151 3773 1256 3826 autdnrn
1268 3775 1293 3824 1²
