2734 4250
186 86 226 147 42
567 86 663 139 LlBliR
679 86 768 155 XXVI,
790 90 831 141 35.
845 90 878 141 36
1114 116 1136 149 a.
1151 116 1174 150 u.
1190 116 1210 148 e.
1226 108 1269 149 aas

131 262 241 324 Stliae
263 261 348 323 litora
370 257 456 322 esse?
485 277 554 321 cum
576 260 607 321 in
629 259 686 321 hac
701 260 873 323 difficultate
895 278 996 321 rerum
1012 261 1168 323 consilium
1193 262 1270 323 hae·

162 353 280 418 reret,
308 364 343 406 ac
371 364 463 426 prope
489 354 594 425 torpor
623 345 741 424 quidam
765 356 939 427 occupasset
959 347 1114 409 hominum
1136 358 1272 421 mentes,

149 441 249 493 atum
271 430 422 492 Laeuinus
443 430 564 492 consul:
586 431 776 509 magistratus
794 431 909 493 senatui
932 442 961 494 et
981 441 1117 494 senatum
1139 434 1271 513 populo,

187 517 264 579 sicut
285 516 400 577 honore
422 524 583 595 praestent,
605 516 644 576 ita
666 516 703 577 ad
725 517 835 590 omnia,
857 535 934 596 quae
957 518 1030 579 dura
1051 527 1140 597 atque
1157 536 1270 599 aspera

149 615 165 666 a
186 610 303 674 essem,
333 600 489 663 subeunda
509 601 601 662 duces
623 601 731 663 debere
755 620 828 665 esse.
859 596 906 676 ‘si‚
929 603 1010 681 quod
1032 603 1191 681 iniungere
1218 604 1272 665 in·
1295 616 1311 665 5

187 687 288 749 seriori
303 686 386 759 uelis,
408 685 437 747 irl
459 686 544 766 prius
565 686 597 747 in
619 696 649 747 te
670 703 706 747 ac
723 695 791 747 tuos
812 688 876 767 ipse
891 687 1127 761 iurisstatueris‚
1149 688 1270 751 facilius

189 770 287 833 omnis
308 771 494 833 oboedientis
515 770 633 833 habeas.
671 789 728 833 nec
750 772 883 852 impensa
897 773 998 851 granis
1013 783 1067 847 est,
1089 791 1158 835 cum
1178 792 1216 835 ex
1233 793 1270 835 ea

188 858 256 939 plns
267 875 356 937 quam
367 876 423 937 pro
435 855 512 918 uirili
525 864 609 936 parte
620 856 676 918 sibi
688 874 838 937 quemque
849 876 956 938 capere
967 859 1137 940 principum
1150 857 1270 920 uident

151 943 288 1023 sitaque
314 942 340 1004 si
369 942 477 1004 classes
505 941 726 1021 haberentque
749 960 857 1005 ornare
879 942 1018 1005 uolumus
1039 944 1183 1024 populum
1206 942 1270 1005 llo-

189 1046 321 1101 mannm‚
343 1029 474 1108 priuatos
496 1027 561 1088 sine
575 1026 764 1088 recusatione
779 1029 906 1107 remiges
920 1028 999 1103 dare,
1023 1028 1172 1090 nobismet
1195 1030 1271 1108 ipsis
1295 1039 1324 1090 to
1353 1034 1354 1059 ¹

152 1114 317 1193 oprimum
340 1113 529 1193 imperemus.
573 1131 696 1184 aurum,
724 1122 897 1193 argentum,
927 1132 977 1175 aes
1005 1114 1153 1193 signatum
1176 1132 1270 1175 omns

190 1207 343 1261 senatores
363 1198 495 1260 crastino
517 1197 564 1258 die
585 1198 617 1258 in
640 1196 792 1277 publicum
815 1199 1019 1273 conteramus,
1043 1200 1083 1260 ita
1107 1209 1139 1259 ut
1160 1199 1271 1261 anulos

190 1284 247 1364 sibi
270 1284 396 1364 quisque
418 1293 448 1344 et
469 1282 591 1361 coniugi
611 1290 642 1343 et
661 1281 780 1356 liboris,
802 1292 833 1344 et
855 1283 915 1345 fllio
937 1282 1062 1357 bullam,
1085 1293 1132 1357 et,
1157 1285 1271 1363 quibus

191 1388 266 1432 uxor
294 1369 410 1430 liliaeue
436 1375 522 1442 sunt,
556 1367 688 1447 singulas
716 1369 819 1430 uncias
852 1368 952 1449 pondo
982 1369 1046 1431 auri
1079 1369 1269 1449 relinquant:

153 1455 320 1535 tangenti,
346 1454 398 1533 qui
419 1452 515 1515 curuli
537 1452 608 1514 sella
629 1453 788 1527 sederunt,
816 1455 885 1534 equi
914 1462 1089 1516 ornamenta
1117 1465 1149 1516 et
1177 1455 1271 1517 libras
1293 1464 1320 1515 1⁵

191 1540 310 1621 pondo,
332 1548 367 1600 ut
387 1538 514 1600 salinum
536 1538 733 1618 patellamque
756 1539 879 1601 deorum
902 1557 989 1601 causa
1011 1539 1121 1601 habere
1142 1540 1270 1620 pumina,

154 1626 282 1688 tceteri
313 1634 467 1685 senatores
495 1621 601 1683 libram
628 1624 746 1704 argenti
774 1632 905 1700 tantum;
937 1624 1013 1687 aeris
1040 1624 1148 1705 signati
1176 1626 1270 1705 quina

154 1721 170 1773 8
192 1710 271 1772 milia
293 1710 322 1770 in
346 1707 480 1788 singulos
502 1716 600 1788 patres
622 1710 749 1771 familiae
770 1709 989 1789 relinquamus:
1018 1719 1152 1772 ceterum
1177 1728 1270 1772 omne

193 1812 314 1867 aurum,
336 1803 508 1873 argentum,
534 1812 585 1855 aes
606 1794 755 1874 signatum
777 1794 813 1855 ad
835 1794 1009 1857 triumuiros
1030 1795 1195 1857 mensarios
1218 1814 1270 1857 er-

192 1879 304 1960 templo
326 1878 494 1940 deteramus
516 1878 598 1940 nullo
620 1891 690 1940 ante
705 1887 825 1942 senatus
839 1880 978 1942 consulto
992 1881 1081 1953 iacto,
1104 1890 1137 1941 ut
1158 1880 1271 1942 nolun·
1292 1890 1321 1941 ²)

193 1965 266 2025 taria
288 1963 417 2026 conlatio
440 1973 470 2024 et
491 1974 640 2026 certamen
664 1964 848 2027 adiuuandae
871 1966 1071 2045 reipublicae
1095 1966 1204 2027 excitet
1230 1965 1269 2025 ad

193 2048 402 2111 aemulandum
423 2050 538 2111 animos
563 2049 692 2131 primum
715 2050 860 2130 equestris
888 2049 1017 2125 ordinis,
1045 2050 1113 2111 dein
1136 2050 1269 2132 reliquae

156 2135 297 2217 uplebis.
341 2136 419 2197 hanc
442 2154 532 2197 unam
553 2137 632 2197 uiam
659 2135 750 2197 multa
779 2136 858 2196 inter·
880 2155 936 2198 nos
958 2135 1108 2199 conlocuti
1129 2137 1270 2199 consules

194 2221 376 2284 innenimus.
420 2221 609 2301 ingredimini
632 2220 677 2282 (lis
699 2221 777 2284 bene
795 2220 975 2284 iuuantibus.
1011 2221 1200 2302 respublica
1221 2222 1270 2283 in-

194 2307 319 2369 columis
341 2316 371 2367 et
392 2307 523 2386 priuatas
537 2325 587 2368 ros
606 2306 691 2368 facile
706 2305 801 2368 saluas
815 2315 959 2386 praestat;
982 2306 1100 2386 publica
1115 2306 1271 2387 prodendo
1292 2317 1321 2368 25

144 2404 172 2455 to
192 2402 244 2454 tua
267 2387 590 2471 nequiquamsaeuae?
636 2391 666 2452 in
690 2391 763 2453 haec
785 2399 868 2453 tanto
889 2391 988 2453 animo
1010 2410 1192 2454 consensum
1214 2403 1269 2466 est,

143 2489 172 2540 11
193 2486 227 2539 ut
248 2477 358 2558 gratiae
381 2477 458 2538 ultro
482 2475 654 2538 consulibus
674 2487 844 2556 agerentur.
881 2486 986 2538 senatu
1008 2476 1078 2538 inde
1100 2476 1191 2539 misso
1212 2495 1269 2558 pro

194 2581 226 2624 se
249 2563 375 2642 quisque
396 2579 502 2624 aarum
524 2570 555 2622 et
576 2571 734 2641 argentum
758 2570 788 2622 et
809 2580 858 2624 aas
880 2561 910 2623 in
934 2560 1087 2642 publicum
1110 2563 1270 2624 coniemnt

194 2657 277 2711 tanto
300 2647 461 2708 certamine
483 2646 609 2721 iniecto,
638 2657 671 2707 ut
699 2646 793 2726 prima
821 2656 872 2708 aut
900 2647 979 2709 inter
1005 2646 1118 2727 primos
1147 2647 1269 2709 nomina

195 2751 248 2794 sua
276 2732 389 2793 uellent
416 2731 447 2792 in
477 2731 603 2810 publicis
630 2731 739 2793 tabulis
767 2751 847 2806 ease,
876 2742 910 2793 ut
938 2750 995 2793 nec
1020 2731 1170 2794 triumuiri
1192 2734 1269 2794 acci·
1289 2743 1319 2794 so

144 2830 173 2881 tt
194 2817 307 2897 piundo
335 2834 394 2876 nec
421 2817 536 2878 scribae
563 2816 726 2878 relernndo
752 2817 934 2878 sufficerent
979 2817 1059 2879 lrunc
1088 2835 1268 2880 consensum

272 3019 347 3070 lita
371 3034 406 3069 σω
428 3018 475 3070 tita
492 3017 794 3087 ΡῑΙ(ῙιιεΡ1ιιῐ(ῑ.Ρ1
815 3024 868 3086 atq.
893 3033 908 3069 a
939 3018 1154 3086 ‚1³¹15essent
1175 3022 1270 3073 Paint

194 3089 220 3141 Ι.
233 3086 457 3154 ILVosaflduces
475 3093 495 3151 ς
514 3086 595 3138 Goon.
620 3086 710 3138 ducem
728 3087 771 3154 ΡΙΙ
784 3087 852 3153 qnod
871 3085 901 3138 Μ
937 3089 982 3151 otg
1006 3086 1067 3154 quill
1085 3087 1205 3139 Plias-ts
1224 3093 1243 3152 ς
1260 3089 1269 3152 l

194 3159 211 3210 6
229 3154 287 3224 (si)
303 3155 330 3207 id
348 3156 430 3206 Har-ts
448 3154 474 3206 id
491 3152 549 3223 (si)
564 3155 611 3207 uel
626 3152 788 3224 tuoa<si>5
799 3154 809 3222 ΙΙ
821 3155 847 3208 in
862 3158 919 3219 teg
930 3162 989 3208 ante
1001 3155 1043 3222 ΡΙΙ
1057 3159 1070 3208 7
1084 3158 1270 3208 admones

197 3225 276 3290 1513,
295 3240 345 3275 om,
364 3223 434 3292 Pus
452 3223 473 3274 si
493 3223 589 3275 classes
606 3222 718 3288 aaran
735 3223 831 3275 classes
849 3223 871 3274 si
888 3223 934 3274 aet
950 3222 1058 3275 classem
1077 3223 1099 3275 si
1117 3223 1271 3285 Alschefski
1353 3225 1354 3264 l

195 3293 292 3345 classes
310 3293 350 3356 ΡΙ
364 3292 459 3353 habere
482 3295 502 3355 ς
527 3290 607 3342 Grora
630 3290 696 3342 habe
721 3292 744 3341 Ρ
759 3289 812 3358 qil
836 3290 943 3358 primunr
968 3305 1086 3358 paremus
1103 3293 1127 3343 Ρ
1142 3292 1152 3358 Ι
1165 3307 1210 3344 aes
1230 3293 1269 3344 ed.
1353 3287 1354 3356 l

196 3361 276 3428 Meg„
294 3377 345 3412 ona.
419 3373 496 3411 omne
512 3363 532 3423 ς
551 3358 633 3411 &orn
651 3373 742 3411 omnes
760 3359 803 3422 ΡΙ
817 3362 849 3413 rt
865 3357 983 3411 llliaenae
1000 3357 1154 3427 Pflliaeqne
1168 3359 1269 3426 Groui!
1353 3367 1354 3416 l

197 3431 229 3483 ro
247 3429 356 3482 salinum
399 3428 456 3481 >lla
474 3427 569 3479 alinum
587 3428 619 3478 Ρ1
637 3428 751 3491 alignnm
770 3427 825 3493 ΡἸ
841 3430 870 3479 ll
884 3427 976 3478 ceteris
988 3429 1029 3490 Pr
1043 3425 1136 3495 quintil
1149 3427 1218 3480 milia
1230 3430 1270 3494 Pl
1353 3427 1354 3454 ³

195 3500 228 3550 2⁶
246 3496 324 3548 iacite
341 3498 365 3550 P
380 3497 436 3562 126
453 3509 581 3547 consenm
599 3497 623 3546 Ρ
638 3497 693 3562 128
711 3499 738 3546 et
759 3501 893 3561 argentum
917 3498 936 3560 ς
959 3503 1093 3562 argentum
1110 3497 1156 3562 ΡΙ
1170 3498 1203 3550 aa
1225 3502 1268 3548 aut
1353 3473 1354 3564 l

195 3563 307 3628 Madvig
324 3570 353 3616 nt
370 3565 412 3629 1²¹,
429 3563 480 3615 del.
497 3562 546 3626 1¹¹5
571 3566 610 3627 [nt
626 3564 717 3630 prima]
736 3567 764 3614 nt
786 3563 852 3614 inter
869 3562 965 3630 primos
983 3567 1052 3616 conl.
1069 3563 1275 3628 Friedersdorff
1353 3565 1354 3628 l

196 3639 226 3685 ut
247 3631 320 3698 primi
342 3641 387 3684 aut
403 3634 471 3684 inter
488 3632 582 3699 primos
601 3630 783 3682 Luterbacher·
799 3646 862 3682 um
881 3630 973 3695 plra'lol
994 3631 1043 3684 131
1061 3631 1154 3696 (1885)
1172 3633 1223 3684 614
1240 3641 1268 3684 nt
1353 3661 1354 3670 κ

197 3699 278 3767 prim
295 3705 341 3752 ant
362 3701 428 3751 inter
445 3699 524 3767 prima
545 3699 575 3750 H.
588 3699 612 3751 J.
625 3697 738 3750 Mueller·
754 3699 904 3751 samaras.
923 3699 987 3751 XIII
1003 3699 1038 3752 20
1049 3700 1060 3765 Ι
1072 3701 1105 3754 30
1123 3699 1219 3753 tabulis
1236 3699 1270 3753 Ρ

198 3766 293 3819 tabulis
311 3766 406 3818 tabulis
423 3768 454 3817 Ρ*
468 3767 478 3833 Ι
490 3781 548 3819 esse
565 3770 585 3831 ς
602 3782 660 3819 sese
677 3769 701 3819 Ρ
