2734 4250
196 106 258 168 154
609 105 704 161 LIBER
722 107 807 173 XXIII,
826 110 859 161 tt
1136 136 1158 169 a,
1169 135 1192 168 u,
1203 124 1273 168 mes

192 280 229 343 ad
244 280 381 343 consules
396 279 601 361 subrogandos
618 280 735 342 ueniret
750 299 817 341 cum
833 280 973 360 magistro
989 280 1122 359 equitum
1138 290 1169 343 et
1183 299 1273 361 prae·

84 365 86 367 ’
156 374 171 425 t
192 374 257 427 tore
272 365 310 427 lI.
327 366 474 438 blercello,
497 374 531 426 ut
546 384 581 425 er
597 365 632 427 iis
647 365 855 446 praesentibus
874 382 998 427 noscere
1014 374 1113 445 patres
1135 376 1272 446 possent,

193 470 253 531 quo
268 458 344 512 statu
359 450 541 531 respublica
556 459 643 524 esset,
666 449 849 530 consiliaque
870 468 904 511 ex
926 447 1016 511 rebus
1031 460 1183 531 caperent.
1220 455 1273 531 qui

191 536 276 597 acciti
292 544 385 608 erant,
402 553 506 598 omnes
520 544 672 597 uenerunt
685 535 795 597 relictis
809 535 920 615 legetis,
935 535 987 613 qui
1002 535 1168 615 legionibus
1183 554 1273 616 prae-

155 630 170 678 t
192 630 301 683 essent.
338 620 464 682 dictator
485 620 522 681 de
542 640 575 681 se
596 638 689 701 pauca
712 638 745 681 ae
768 621 882 682 modice
904 620 1023 681 locutus
1043 620 1075 681 iu
1097 622 1274 702 magistrum
1296 634 1310 682 5

192 706 324 785 equitum
354 705 399 766 Ti.
422 705 631 786 Sempronium
654 704 820 767 Gracchum
851 722 986 783 magnam
1016 715 1131 785 partem
1159 708 1274 787 gloriae

192 790 291 865 uertit,
315 790 492 869 comitIaque
514 790 612 865 edixit,
636 788 745 869 quibus
768 789 801 851 L.
816 789 986 852 Postumius
1009 790 1129 852 tertium
1151 810 1273 871 apsens,

119 915 125 925 ι
192 875 243 953 qui
258 884 322 936 tum
337 874 458 936 Galliam
475 876 659 955 prouinciam
675 873 838 954 optinebat,
862 883 891 936 et
906 874 951 935 Ti.
968 876 1163 955 Sempronius
1178 876 1274 938 Grac-

192 960 273 1032 chus,
298 960 348 1038 qui
364 968 426 1022 tum
442 961 582 1040 magister
596 960 730 1039 equitum
750 970 779 1020 ct
793 959 895 1021 aedilis
910 960 1022 1021 curulis
1036 970 1107 1035 erat,
1130 962 1274 1025 consules

154 1053 170 1104 t
192 1053 339 1105 creantur.
383 1055 535 1125 praetores
566 1044 636 1107 inde
658 1046 749 1106 creati
772 1044 809 1105 Μ.
826 1044 958 1107 Valerius
980 1045 1129 1109 Laeuinus
1151 1047 1273 1121 iterum,
1297 1056 1323 1109 to

191 1130 246 1209 Ap.
263 1129 401 1191 Claudius
423 1130 561 1205 Pulcher,
583 1129 619 1201 Q.
635 1129 759 1191 Fuluius
778 1129 910 1203 Flaccus,
933 1128 969 1200 Q.
986 1130 1101 1193 blucius
1116 1132 1273 1193 Scaeuola.

154 1222 169 1272 t
191 1214 316 1275 dictator
338 1215 445 1276 creatis
466 1215 684 1295 magistratibus
698 1214 832 1276 Teanum
849 1216 879 1275 in
902 1213 1028 1277 hiberna
1050 1216 1085 1276 ad
1106 1218 1273 1278 exercitum

192 1299 268 1361 redit
289 1299 392 1361 relicto
416 1299 555 1378 magistro
577 1300 711 1379 equitum
734 1300 860 1374 llomae,
888 1300 954 1377 qui,
977 1318 1044 1361 cum
1067 1309 1136 1380 post
1158 1320 1274 1381 paucos

191 1385 254 1447 dies
275 1386 477 1465 magistratum
501 1385 630 1447 initurus
650 1394 738 1459 esset,
759 1385 797 1446 de
816 1384 993 1447 exercitibus
1014 1384 1180 1447 scribendis
1195 1405 1273 1448 con-

191 1469 389 1550 parandisque
411 1470 443 1530 in
465 1487 578 1531 annum
600 1478 699 1550 patres
722 1468 901 1532 consuleret
1296 1480 1323 1533 ta

152 1561 168 1610 6
276 1553 349 1616 Cum
364 1573 415 1617 eae
431 1572 480 1616 res
495 1555 621 1615 maxime
635 1564 804 1633 agerentur,
821 1572 899 1615 noua
911 1553 1008 1616 clades
1020 1556 1166 1628 nuntiata,
1181 1556 1272 1617 aliam

191 1656 281 1720 super
302 1640 386 1700 aliam
409 1639 578 1701 cumulante
599 1640 629 1700 in
654 1657 722 1700 eum
745 1657 857 1701 annum
880 1639 1012 1712 fortuna,
1034 1638 1067 1699 L.
1084 1640 1272 1702 Postumium

190 1723 343 1785 consulem
366 1723 553 1804 designatum
574 1724 605 1784 in
622 1723 713 1785 Gabia
732 1724 829 1804 ipsum
851 1732 939 1803 atque
962 1724 1123 1786 exercitum
1145 1725 1271 1789 deletos.

154 1818 168 1867 t
190 1808 262 1869 silua
285 1817 349 1869 erat
369 1819 452 1870 uasta
472 1808 662 1870 -Litanam
683 1808 756 1869 Galli
780 1807 928 1870 uocabant
949 1842 999 1883 -,
1023 1827 1081 1888 qua
1104 1810 1272 1873 exercitum

190 1893 381 1955 traducturus
402 1902 474 1955 erat.
512 1894 575 1955 eius
596 1894 688 1955 siluae
710 1894 813 1955 dextra
835 1893 978 1972 laeuaque
999 1894 1077 1954 clrca
1100 1894 1178 1956 uiam
1195 1895 1271 1957 Galli
1295 1906 1324 1957 tt

190 1976 312 2039 arbores
334 1979 373 2039 ita
395 1978 576 2053 inciderunt,
604 1988 638 2039 ut
659 1979 789 2039 inmotae
811 1986 933 2052 sterent,
963 1987 1115 2040 momento
1137 1979 1198 2040 leui
1221 1981 1271 2042 in-

153 2069 168 2121 8
189 2062 291 2142 pulsae
313 2064 491 2126 occiderent
528 2064 661 2142 legiones
684 2063 757 2126 duas
780 2062 928 2126 Romanas
950 2061 1076 2125 babebat
1097 2064 1272 2129 Postumius

190 2148 362 2229 sociumque
390 2149 427 2211 ab
455 2167 563 2228 supero
591 2150 665 2210 mari
693 2157 808 2210 tantum
836 2149 1070 2229 conscripserat,
1100 2159 1134 2210 ut
1160 2151 1272 2230 uiginti

152 2240 167 2292 9
189 2233 322 2313 quiuque
350 2234 429 2295 milia
457 2242 635 2295 armatorum
665 2234 695 2295 in
727 2252 813 2314 agros
838 2234 968 2296 bostium
991 2233 1149 2296 iuduxerit.
1193 2235 1270 2297 Galli

188 2337 271 2380 oram
293 2329 440 2381 extremae
462 2319 554 2380 siluae
577 2337 644 2379 cunr
667 2317 935 2393 ciccumsedIssent,
957 2316 1009 2380 ubi
1023 2319 1147 2382 intrauit
1160 2336 1270 2398 agmen
1294 2331 1322 2382 25

187 2405 303 2478 saltum,
325 2413 388 2466 tum
403 2413 549 2466 extremas
563 2403 705 2465 arborum
720 2403 902 2466 succisarum
918 2403 1083 2482 impellunt
1121 2422 1198 2483 quae
1213 2405 1269 2467 alla

187 2489 218 2550 in
235 2489 319 2550 aliam
335 2488 501 2551 instabilem
517 2506 573 2570 per
586 2508 618 2550 se
633 2507 668 2550 ac
682 2488 759 2551 male
776 2490 948 2551 haerentem
963 2488 1129 2551 incidentes
1143 2490 1269 2570 ancipiti

187 2584 285 2653 strage
307 2592 387 2635 arma
401 2574 485 2635 ulros
499 2592 592 2653 equos
608 2574 784 2648 obruerunt,
807 2581 841 2634 ut
856 2574 904 2635 uix
920 2575 1023 2636 decem
1038 2573 1175 2636 homines
1190 2575 1269 2635 ellu-

136 2665 166 2717 10
187 2667 301 2738 gerent.
339 2676 408 2719 nam
437 2677 505 2720 cum
528 2659 686 2720 exanimati
708 2659 842 2739 plerique
865 2668 965 2721 essent
985 2657 1127 2719 arborum
1149 2662 1268 2722 truncis

187 2743 419 2823 fragmentisque
441 2760 600 2819 ramorum,
623 2751 752 2804 ceteram
771 2742 988 2805 multitudinem
1011 2743 1165 2822 inopinato
1187 2745 1268 2806 malo
1288 2755 1321 2806 au
1352 2785 1353 2808 i

187 2826 332 2906 trepidam
348 2826 421 2888 Gabi
441 2827 547 2889 saltum
568 2847 688 2890 omnem
710 2829 813 2890 armati
834 2827 1085 2890 circumsedentes
1106 2829 1267 2891 intersece-

187 2920 268 2985 runt,
284 2912 386 2991 paucIs
397 2930 414 2973 e
424 2921 507 2973 tanto
524 2931 650 2976 numero
666 2913 768 2994 captis,
784 2913 834 2993 qui
846 2922 968 2992 pontem
984 2912 1115 2974 {luminis
1129 2923 1268 2993 petentes

136 3002 163 3054 11
186 2995 307 3058 obsesso
329 3007 398 3058 ante
419 2997 455 3057 ab
479 2996 615 3061 hostibus
637 3007 729 3078 ponte
746 2998 899 3060 interclusi
922 3007 1003 3060 sunt.
1039 2997 1079 3058 ibi
1096 2997 1267 3061 Postumius

188 3083 268 3142 omni
291 3081 331 3155 ui,
355 3101 393 3144 ne
414 3092 580 3162 caperetur,
602 3083 747 3146 dimicans
764 3083 913 3145 occubuit
950 3082 1043 3163 spolia
1066 3084 1201 3161 corporis
1216 3101 1267 3146 ca-

273 3236 284 3284 i
305 3231 347 3296 ad]
366 3238 392 3285 at
409 3232 480 3300 Ρ112
497 3232 538 3285 bis
555 3232 625 3300 PI3
644 3234 798 3300 statueresp·
814 3233 885 3300 Ρ115
904 3232 1004 3284 modice
1022 3235 1041 3296 ς
1066 3230 1200 3284 demodice
1218 3233 1267 3300 ΡΙ

186 3299 310 3354 baedilis
334 3300 466 3366 curulieg
492 3300 547 3354 ead.
566 3316 611 3353 eur
628 3300 674 3368 ΡΙΙ
696 3303 726 3355 10
745 3306 862 3353 creentur
879 3302 902 3353 J.
916 3301 948 3354 H
961 3301 1028 3352 Voss
1054 3303 1201 3353 crearentur
1219 3303 1266 3368 Pt
1352 3345 1353 3348 ,

185 3369 276 3421 ilemm
294 3368 445 3430 Abebesslo'
469 3370 518 3421 tter
535 3369 576 3433 ΡΙ,
593 3368 758 3434 ἀοιΡἾΙῙ
777 3383 855 3434 app
875 3369 922 3436 Pl
942 3367 1069 3420 municius
1086 3367 1173 3434 Ptin
1193 3383 1266 3420 crea·
1352 3413 1353 3440 ,

185 3436 264 3487 tisP⁸
289 3437 424 3489 creatriP¹
450 3407 597 3505 creetiffll
613 3440 643 3490 13
656 3434 787 3504 reding
802 3386 844 3489 lbp
852 3436 901 3488 elia
920 3451 998 3502 super
1015 3435 1146 3503 eliamPll
1161 3439 1193 3488 ti
1214 3435 1266 3489 lor-

185 3503 471 3623 ttttrtttuut
506 3435 1266 3638 :tzitttlrltttt'{ttitulittttttt

182 3652 268 3755 etta.
276 3637 792 3773 uttlttitutitalitro,
801 3645 938 3759 ⁰23¹le
941 3639 1265 3775 t'tlttartutt

186 3786 256 3822 corr.
274 3769 307 3822 P’
1352 3765 1353 3776 ¹
