<?xml version="1.0" encoding="UTF-8"?>
<!DOCTYPE html PUBLIC "-//W3C//DTD XHTML 1.0 Transitional//EN"
    "http://www.w3.org/TR/xhtml1/DTD/xhtml1-transitional.dtd">
<html xmlns="http://www.w3.org/1999/xhtml" xml:lang="en" lang="en">
 <head>
  <title>
</title>
<meta http-equiv="Content-Type" content="text/html;charset=utf-8" />
  <meta name='ocr-system' content='tesseract 3.04.00' />
  <meta name='ocr-capabilities' content='ocr_page ocr_carea ocr_par ocr_line ocrx_word'/>
</head>
<body>
  <div class='ocr_page' id='page_1' title='image "./aburbeconditali00paasgoog_0165.png"; bbox 0 0 2734 4250; ppageno 0'>
   <div class='ocr_carea' id='block_1_1' title="bbox 101 101 1179 169">
    <p class='ocr_par' dir='ltr' id='par_1_1' title="bbox 101 101 1179 169">
     <span class='ocr_line' id='line_1_1' title="bbox 101 101 1179 169; baseline -0.002 -8"><span class='ocrx_word' id='word_1_1' title='bbox 101 131 123 161; x_wconf 80' lang='lat' dir='ltr'><strong>a.</strong></span> <span class='ocrx_word' id='word_1_2' title='bbox 133 118 235 161; x_wconf 74' lang='lat' dir='ltr'><strong>ebcttt</strong></span> <span class='ocrx_word' id='word_1_3' title='bbox 487 101 582 154; x_wconf 80' lang='lat' dir='ltr'><strong>LtBttR</strong></span> <span class='ocrx_word' id='word_1_4' title='bbox 599 103 684 169; x_wconf 80' lang='lat' dir='ltr'><strong>xitut,</strong></span> <span class='ocrx_word' id='word_1_5' title='bbox 703 105 803 158; x_wconf 78' lang='lat'><strong>20-22</strong></span> <span class='ocrx_word' id='word_1_6' title='bbox 1119 106 1179 165; x_wconf 81' lang='lat'><strong>151</strong></span> 
     </span>
    </p>
   </div>
   <div class='ocr_carea' id='block_1_2' title="bbox 100 273 1217 527">
    <p class='ocr_par' dir='ltr' id='par_1_2' title="bbox 100 273 1217 527">
     <span class='ocr_line' id='line_1_2' title="bbox 101 273 1217 357; baseline 0.008 -24"><span class='ocrx_word' id='word_1_7' title='bbox 101 292 159 353; x_wconf 89' lang='lat' dir='ltr'><strong>qna</strong></span> <span class='ocrx_word' id='word_1_8' title='bbox 183 275 311 353; x_wconf 88' lang='lat' dir='ltr'><strong>quisque</strong></span> <span class='ocrx_word' id='word_1_9' title='bbox 334 283 444 353; x_wconf 89' lang='lat' dir='ltr'><strong>posset,</strong></span> <span class='ocrx_word' id='word_1_10' title='bbox 465 292 500 335; x_wconf 92' lang='lat' dir='ltr'><strong>ac</strong></span> <span class='ocrx_word' id='word_1_11' title='bbox 515 273 694 336; x_wconf 83' lang='lat' dir='ltr'>deserendae</span> <span class='ocrx_word' id='word_1_12' title='bbox 711 276 792 338; x_wconf 93' lang='lat' dir='ltr'><strong>urbis</strong></span> <span class='ocrx_word' id='word_1_13' title='bbox 813 287 949 339; x_wconf 80' lang='lat' dir='ltr'><strong>auctores</strong></span> <span class='ocrx_word' id='word_1_14' title='bbox 971 285 1078 350; x_wconf 78' lang='lat' dir='ltr'><strong>essent,</strong></span> <span class='ocrx_word' id='word_1_15' title='bbox 1101 296 1179 357; x_wconf 86' lang='lat' dir='ltr'><strong>pars,</strong></span> <span class='ocrx_word' id='word_1_16' title='bbox 1201 290 1217 341; x_wconf 86' lang='lat'>8</span> 
     </span>
     <span class='ocr_line' id='line_1_3' title="bbox 102 357 1180 440; baseline 0.006 -21"><span class='ocrx_word' id='word_1_17' title='bbox 102 359 221 436; x_wconf 89' lang='lat' dir='ltr'><strong>quando</strong></span> <span class='ocrx_word' id='word_1_18' title='bbox 244 359 389 420; x_wconf 82' lang='lat' dir='ltr'><strong>desertis</strong></span> <span class='ocrx_word' id='word_1_19' title='bbox 411 357 563 420; x_wconf 88' lang='lat' dir='ltr'><strong>ueteribus</strong></span> <span class='ocrx_word' id='word_1_20' title='bbox 585 358 672 421; x_wconf 92' lang='lat' dir='ltr'><strong>sociis</strong></span> <span class='ocrx_word' id='word_1_21' title='bbox 695 370 802 435; x_wconf 88' lang='lat' dir='ltr'><strong>essent,</strong></span> <span class='ocrx_word' id='word_1_22' title='bbox 825 361 1005 440; x_wconf 90' lang='lat' dir='ltr'><strong>adiungendi</strong></span> <span class='ocrx_word' id='word_1_23' title='bbox 1026 379 1058 423; x_wconf 93' lang='lat' dir='ltr'><strong>se</strong></span> <span class='ocrx_word' id='word_1_24' title='bbox 1073 363 1180 425; x_wconf 91' lang='lat' dir='ltr'><strong>ceteris</strong></span> 
     </span>
     <span class='ocr_line' id='line_1_4' title="bbox 100 442 1217 527; baseline 0.004 -24"><span class='ocrx_word' id='word_1_25' title='bbox 100 442 224 504; x_wconf 88' lang='lat' dir='ltr'><strong>Bruttiis</strong></span> <span class='ocrx_word' id='word_1_26' title='bbox 253 462 289 503; x_wconf 89' lang='lat' dir='ltr'><strong>ac</strong></span> <span class='ocrx_word' id='word_1_27' title='bbox 317 462 371 522; x_wconf 86' lang='lat' dir='ltr'><strong>per</strong></span> <span class='ocrx_word' id='word_1_28' title='bbox 385 463 445 504; x_wconf 58' lang='lat' dir='ltr'><strong>‘cos</strong></span> <span class='ocrx_word' id='word_1_29' title='bbox 471 443 596 504; x_wconf 91' lang='lat' dir='ltr'><strong>dedendi</strong></span> <span class='ocrx_word' id='word_1_30' title='bbox 620 443 785 505; x_wconf 84' lang='lat' dir='ltr'>Hannibali.</span> <span class='ocrx_word' id='word_1_31' title='bbox 829 446 902 507; x_wconf 93' lang='lat' dir='ltr'><strong>uicit</strong></span> <span class='ocrx_word' id='word_1_32' title='bbox 921 455 1020 507; x_wconf 89' lang='lat' dir='ltr'><strong>tamen</strong></span> <span class='ocrx_word' id='word_1_33' title='bbox 1044 464 1078 507; x_wconf 88' lang='lat' dir='ltr'><strong>ea</strong></span> <span class='ocrx_word' id='word_1_34' title='bbox 1100 466 1178 527; x_wconf 90' lang='lat' dir='ltr'><strong>pars,</strong></span> <span class='ocrx_word' id='word_1_35' title='bbox 1201 458 1217 508; x_wconf 81' lang='grc'><strong>9</strong></span> 
     </span>
    </p>
   </div>
   <div class='ocr_carea' id='block_1_3' title="bbox 44 528 1230 3068">
    <p class='ocr_par' dir='ltr' id='par_1_3' title="bbox 101 528 1178 610">
     <span class='ocr_line' id='line_1_5' title="bbox 101 528 1178 610; baseline 0.004 -21"><span class='ocrx_word' id='word_1_36' title='bbox 101 546 177 607; x_wconf 88' lang='lat' dir='ltr'><strong>quae</strong></span> <span class='ocrx_word' id='word_1_37' title='bbox 202 528 276 589; x_wconf 91' lang='lat' dir='ltr'><strong>nibil</strong></span> <span class='ocrx_word' id='word_1_38' title='bbox 291 528 398 607; x_wconf 91' lang='lat' dir='ltr'><strong>raptim</strong></span> <span class='ocrx_word' id='word_1_39' title='bbox 421 546 477 589; x_wconf 93' lang='lat' dir='ltr'><strong>nec</strong></span> <span class='ocrx_word' id='word_1_40' title='bbox 492 537 603 589; x_wconf 88' lang='lat' dir='ltr'><strong>temere</strong></span> <span class='ocrx_word' id='word_1_41' title='bbox 621 528 767 607; x_wconf 93' lang='lat' dir='ltr'><strong>agendum</strong></span> <span class='ocrx_word' id='word_1_42' title='bbox 783 529 1059 610; x_wconf 80' lang='lat' dir='ltr'><strong>consulendumque</strong></span> <span class='ocrx_word' id='word_1_43' title='bbox 1079 532 1116 593; x_wconf 88' lang='lat' dir='ltr'><strong>de</strong></span> <span class='ocrx_word' id='word_1_44' title='bbox 1132 533 1178 593; x_wconf 93' lang='lat' dir='ltr'><strong>in-</strong></span> 
     </span>
    </p>

    <p class='ocr_par' dir='ltr' id='par_1_4' title="bbox 62 612 1230 844">
     <span class='ocr_line' id='line_1_6' title="bbox 62 612 1230 695; baseline 0.008 -23"><span class='ocrx_word' id='word_1_45' title='bbox 62 623 186 692; x_wconf 77' lang='lat' dir='ltr'><strong>ttegro</strong></span> <span class='ocrx_word' id='word_1_46' title='bbox 209 614 337 676; x_wconf 91' lang='lat' dir='ltr'><strong>censuit.</strong></span> <span class='ocrx_word' id='word_1_47' title='bbox 374 612 466 673; x_wconf 90' lang='lat' dir='ltr'><strong>relata</strong></span> <span class='ocrx_word' id='word_1_48' title='bbox 489 622 607 692; x_wconf 83' lang='lat' dir='ltr'><strong>postero</strong></span> <span class='ocrx_word' id='word_1_49' title='bbox 630 613 677 673; x_wconf 91' lang='lat' dir='ltr'><strong>die</strong></span> <span class='ocrx_word' id='word_1_50' title='bbox 699 632 753 693; x_wconf 88' lang='lat' dir='ltr'><strong>per</strong></span> <span class='ocrx_word' id='word_1_51' title='bbox 779 616 926 676; x_wconf 83' lang='lat' dir='ltr'><strong>minorem</strong></span> <span class='ocrx_word' id='word_1_52' title='bbox 953 615 1179 695; x_wconf 87' lang='lat' dir='ltr'><strong>trepidationem</strong></span> <span class='ocrx_word' id='word_1_53' title='bbox 1202 630 1230 681; x_wconf 84' lang='grc' dir='ltr'><strong>ιο</strong></span> 
     </span>
     <span class='ocr_line' id='line_1_7' title="bbox 99 698 1178 779; baseline 0.006 -22"><span class='ocrx_word' id='word_1_54' title='bbox 99 707 321 759; x_wconf 80' lang='lat' dir='ltr'><strong>retenderunt</strong></span> <span class='ocrx_word' id='word_1_55' title='bbox 343 698 508 777; x_wconf 76' lang='lat' dir='ltr'><strong>optimates,</strong></span> <span class='ocrx_word' id='word_1_56' title='bbox 530 706 564 758; x_wconf 95' lang='lat' dir='ltr'><strong>ut</strong></span> <span class='ocrx_word' id='word_1_57' title='bbox 585 699 739 761; x_wconf 93' lang='lat' dir='ltr'><strong>conuectis</strong></span> <span class='ocrx_word' id='word_1_58' title='bbox 755 698 895 761; x_wconf 92' lang='lat' dir='ltr'><strong>omnibus</strong></span> <span class='ocrx_word' id='word_1_59' title='bbox 917 719 952 761; x_wconf 83' lang='lat' dir='ltr'><strong>ex</strong></span> <span class='ocrx_word' id='word_1_60' title='bbox 974 700 1052 779; x_wconf 89' lang='lat' dir='ltr'><strong>agris</strong></span> <span class='ocrx_word' id='word_1_61' title='bbox 1074 701 1178 763; x_wconf 89' lang='lat' dir='ltr'><strong>urbem</strong></span> 
     </span>
     <span class='ocr_line' id='line_1_8' title="bbox 98 784 445 844; baseline 0 0"><span class='ocrx_word' id='word_1_62' title='bbox 98 802 134 844; x_wconf 92' lang='lat' dir='ltr'><strong>ac</strong></span> <span class='ocrx_word' id='word_1_63' title='bbox 157 801 262 844; x_wconf 92' lang='lat' dir='ltr'><strong>muros</strong></span> <span class='ocrx_word' id='word_1_64' title='bbox 284 784 445 844; x_wconf 85' lang='lat' dir='ltr'><strong>firmarent</strong></span> 
     </span>
    </p>

    <p class='ocr_par' dir='ltr' id='par_1_5' title="bbox 187 866 1229 949">
     <span class='ocr_line' id='line_1_9' title="bbox 187 866 1229 949; baseline 0.005 -21"><span class='ocrx_word' id='word_1_65' title='bbox 187 866 246 929; x_wconf 87' lang='lat' dir='ltr'><strong>Per</strong></span> <span class='ocrx_word' id='word_1_66' title='bbox 266 868 343 929; x_wconf 91' lang='lat' dir='ltr'><strong>idem</strong></span> <span class='ocrx_word' id='word_1_67' title='bbox 365 868 427 945; x_wconf 83' lang='lat' dir='ltr'><strong>lere</strong></span> <span class='ocrx_word' id='word_1_68' title='bbox 449 875 566 946; x_wconf 89' lang='lat' dir='ltr'><strong>tempus</strong></span> <span class='ocrx_word' id='word_1_69' title='bbox 586 866 700 927; x_wconf 80' lang='lat' dir='ltr'><strong>litterae</strong></span> <span class='ocrx_word' id='word_1_70' title='bbox 726 886 761 927; x_wconf 82' lang='lat' dir='ltr'><strong>ex</strong></span> <span class='ocrx_word' id='word_1_71' title='bbox 783 868 880 929; x_wconf 91' lang='lat' dir='ltr'><strong>Sicilia</strong></span> <span class='ocrx_word' id='word_1_72' title='bbox 903 869 1096 949; x_wconf 80' lang='lat' dir='ltr'><strong>Sardiniaque</strong></span> <span class='ocrx_word' id='word_1_73' title='bbox 1116 870 1177 932; x_wconf 85' lang='lat' dir='ltr'><strong>llo·</strong></span> <span class='ocrx_word' id='word_1_74' title='bbox 1194 877 1229 933; x_wconf 76' lang='lat'><strong>21</strong></span> 
     </span>
    </p>

    <p class='ocr_par' dir='ltr' id='par_1_6' title="bbox 99 950 1215 1033">
     <span class='ocr_line' id='line_1_10' title="bbox 99 950 1215 1033; baseline 0.004 -20"><span class='ocrx_word' id='word_1_75' title='bbox 99 970 179 1013; x_wconf 89' lang='lat' dir='ltr'><strong>mam</strong></span> <span class='ocrx_word' id='word_1_76' title='bbox 195 952 308 1014; x_wconf 86' lang='lat' dir='ltr'><strong>allatae.</strong></span> <span class='ocrx_word' id='word_1_77' title='bbox 341 952 457 1032; x_wconf 85' lang='lat' dir='ltr'><strong>priores</strong></span> <span class='ocrx_word' id='word_1_78' title='bbox 472 970 508 1012; x_wconf 83' lang='lat' dir='ltr'><strong>ex</strong></span> <span class='ocrx_word' id='word_1_79' title='bbox 522 950 620 1012; x_wconf 84' lang='lat' dir='ltr'><strong>Sicilia</strong></span> <span class='ocrx_word' id='word_1_80' title='bbox 633 951 666 1011; x_wconf 87' lang='grc' dir='ltr'><strong>Τ.</strong></span> <span class='ocrx_word' id='word_1_81' title='bbox 680 952 795 1013; x_wconf 84' lang='lat' dir='ltr'><strong>Otacilii</strong></span> <span class='ocrx_word' id='word_1_82' title='bbox 810 955 1011 1033; x_wconf 86' lang='lat' dir='ltr'><strong>propraetoris</strong></span> <span class='ocrx_word' id='word_1_83' title='bbox 1026 955 1056 1015; x_wconf 92' lang='lat' dir='ltr'><strong>in</strong></span> <span class='ocrx_word' id='word_1_84' title='bbox 1073 964 1179 1017; x_wconf 88' lang='lat' dir='ltr'><strong>senatu</strong></span> <span class='ocrx_word' id='word_1_85' title='bbox 1200 968 1215 1017; x_wconf 80' lang='lat'><strong>2</strong></span> 
     </span>
    </p>

    <p class='ocr_par' dir='ltr' id='par_1_7' title="bbox 49 1036 1215 1455">
     <span class='ocr_line' id='line_1_11' title="bbox 49 1036 1177 1119; baseline 0.004 -24"><span class='ocrx_word' id='word_1_86' title='bbox 49 1045 77 1095; x_wconf 81' lang='lat' dir='ltr'><strong>to</strong></span> <span class='ocrx_word' id='word_1_87' title='bbox 97 1038 241 1099; x_wconf 84' lang='lat' dir='ltr'><strong>recitatae</strong></span> <span class='ocrx_word' id='word_1_88' title='bbox 263 1046 349 1099; x_wconf 88' lang='lat' dir='ltr'><strong>sunt:</strong></span> <span class='ocrx_word' id='word_1_89' title='bbox 373 1036 405 1097; x_wconf 89' lang='lat' dir='ltr'><strong>P.</strong></span> <span class='ocrx_word' id='word_1_90' title='bbox 422 1036 545 1097; x_wconf 86' lang='lat' dir='ltr'><strong>Furium</strong></span> <span class='ocrx_word' id='word_1_91' title='bbox 560 1043 727 1115; x_wconf 89' lang='lat' dir='ltr'><strong>praetorem</strong></span> <span class='ocrx_word' id='word_1_92' title='bbox 745 1055 813 1098; x_wconf 88' lang='lat' dir='ltr'><strong>cum</strong></span> <span class='ocrx_word' id='word_1_93' title='bbox 828 1038 920 1099; x_wconf 90' lang='lat' dir='ltr'><strong>classe</strong></span> <span class='ocrx_word' id='word_1_94' title='bbox 936 1057 971 1100; x_wconf 85' lang='lat' dir='ltr'><strong>ex</strong></span> <span class='ocrx_word' id='word_1_95' title='bbox 987 1038 1084 1100; x_wconf 75' lang='lat' dir='ltr'><strong>Africa</strong></span> <span class='ocrx_word' id='word_1_96' title='bbox 1098 1039 1177 1119; x_wconf 81' lang='lat' dir='ltr'><strong>Lily·</strong></span> 
     </span>
     <span class='ocr_line' id='line_1_12' title="bbox 97 1120 1177 1200; baseline 0.004 -19"><span class='ocrx_word' id='word_1_97' title='bbox 97 1121 207 1183; x_wconf 88' lang='lat' dir='ltr'><strong>baeum</strong></span> <span class='ocrx_word' id='word_1_98' title='bbox 228 1122 363 1195; x_wconf 85' lang='lat' dir='ltr'><strong>uenisse;</strong></span> <span class='ocrx_word' id='word_1_99' title='bbox 378 1122 489 1200; x_wconf 66' lang='lat' dir='ltr'><strong>‚ipsum</strong></span> <span class='ocrx_word' id='word_1_100' title='bbox 512 1120 643 1199; x_wconf 87' lang='lat' dir='ltr'><strong>grauiter</strong></span> <span class='ocrx_word' id='word_1_101' title='bbox 670 1122 803 1183; x_wconf 87' lang='lat' dir='ltr'><strong>saucium</strong></span> <span class='ocrx_word' id='word_1_102' title='bbox 828 1122 857 1183; x_wconf 91' lang='lat' dir='ltr'><strong>in</strong></span> <span class='ocrx_word' id='word_1_103' title='bbox 880 1122 1051 1185; x_wconf 89' lang='lat' dir='ltr'><strong>discrimine</strong></span> <span class='ocrx_word' id='word_1_104' title='bbox 1074 1124 1177 1185; x_wconf 92' lang='lat' dir='ltr'><strong>ultimo</strong></span> 
     </span>
     <span class='ocr_line' id='line_1_13' title="bbox 98 1202 1178 1288; baseline 0.003 -21"><span class='ocrx_word' id='word_1_105' title='bbox 98 1206 177 1267; x_wconf 86' lang='lat' dir='ltr'><strong>uitae</strong></span> <span class='ocrx_word' id='word_1_106' title='bbox 199 1225 265 1268; x_wconf 87' lang='lat' dir='ltr'><strong>esse</strong></span> <span class='ocrx_word' id='word_1_107' title='bbox 272 1226 281 1281; x_wconf 91' lang='lat'>;</span> <span class='ocrx_word' id='word_1_108' title='bbox 306 1202 392 1267; x_wconf 90' lang='lat' dir='ltr'><strong>militi</strong></span> <span class='ocrx_word' id='word_1_109' title='bbox 414 1224 448 1267; x_wconf 91' lang='lat' dir='ltr'><strong>ac</strong></span> <span class='ocrx_word' id='word_1_110' title='bbox 470 1204 626 1267; x_wconf 91' lang='lat' dir='ltr'><strong>naualibus</strong></span> <span class='ocrx_word' id='word_1_111' title='bbox 646 1206 735 1267; x_wconf 91' lang='lat' dir='ltr'><strong>sociis</strong></span> <span class='ocrx_word' id='word_1_112' title='bbox 758 1225 855 1285; x_wconf 87' lang='lat' dir='ltr'><strong>neque</strong></span> <span class='ocrx_word' id='word_1_113' title='bbox 876 1207 1056 1288; x_wconf 86' lang='lat' dir='ltr'><strong>stipendium</strong></span> <span class='ocrx_word' id='word_1_114' title='bbox 1080 1226 1178 1287; x_wconf 89' lang='lat' dir='ltr'><strong>neque</strong></span> 
     </span>
     <span class='ocr_line' id='line_1_14' title="bbox 97 1289 1215 1372; baseline 0.002 -19"><span class='ocrx_word' id='word_1_115' title='bbox 97 1292 286 1353; x_wconf 85' lang='lat' dir='ltr'><strong>frumentum</strong></span> <span class='ocrx_word' id='word_1_116' title='bbox 308 1290 344 1351; x_wconf 93' lang='lat' dir='ltr'><strong>ad</strong></span> <span class='ocrx_word' id='word_1_117' title='bbox 365 1289 443 1351; x_wconf 90' lang='lat' dir='ltr'><strong>diem</strong></span> <span class='ocrx_word' id='word_1_118' title='bbox 466 1290 528 1351; x_wconf 87' lang='lat' dir='ltr'><strong>dari</strong></span> <span class='ocrx_word' id='word_1_119' title='bbox 550 1308 658 1369; x_wconf 89' lang='lat' dir='ltr'><strong>neque,</strong></span> <span class='ocrx_word' id='word_1_120' title='bbox 680 1290 760 1352; x_wconf 89' lang='lat' dir='ltr'><strong>unde</strong></span> <span class='ocrx_word' id='word_1_121' title='bbox 776 1292 872 1365; x_wconf 90' lang='lat' dir='ltr'><strong>detur,</strong></span> <span class='ocrx_word' id='word_1_122' title='bbox 894 1311 974 1368; x_wconf 86' lang='lat' dir='ltr'><strong>esss;</strong></span> <span class='ocrx_word' id='word_1_123' title='bbox 997 1310 1177 1372; x_wconf 82' lang='lat' dir='ltr'><strong>magnopere</strong></span> <span class='ocrx_word' id='word_1_124' title='bbox 1199 1304 1215 1355; x_wconf 80' lang='lat'><strong>3</strong></span> 
     </span>
     <span class='ocr_line' id='line_1_15' title="bbox 98 1374 1175 1455; baseline 0.001 -18"><span class='ocrx_word' id='word_1_125' title='bbox 98 1378 236 1450; x_wconf 87' lang='lat' dir='ltr'><strong>suadere,</strong></span> <span class='ocrx_word' id='word_1_126' title='bbox 258 1384 291 1436; x_wconf 94' lang='lat' dir='ltr'><strong>ut</strong></span> <span class='ocrx_word' id='word_1_127' title='bbox 306 1393 394 1454; x_wconf 60' lang='lat' dir='ltr'><strong>mam</strong></span> <span class='ocrx_word' id='word_1_128' title='bbox 409 1374 538 1454; x_wconf 91' lang='lat' dir='ltr'><strong>primum</strong></span> <span class='ocrx_word' id='word_1_129' title='bbox 553 1392 587 1435; x_wconf 91' lang='lat' dir='ltr'><strong>ea</strong></span> <span class='ocrx_word' id='word_1_130' title='bbox 603 1375 767 1450; x_wconf 86' lang='lat' dir='ltr'><strong>mittantur,</strong></span> <span class='ocrx_word' id='word_1_131' title='bbox 789 1375 914 1455; x_wconf 86' lang='lat' dir='ltr'><strong>sibique,</strong></span> <span class='ocrx_word' id='word_1_132' title='bbox 938 1377 961 1438; x_wconf 90' lang='lat' dir='ltr'><strong>si</strong></span> <span class='ocrx_word' id='word_1_133' title='bbox 977 1377 1015 1437; x_wconf 89' lang='lat' dir='ltr'><strong>ita</strong></span> <span class='ocrx_word' id='word_1_134' title='bbox 1031 1378 1175 1451; x_wconf 88' lang='lat' dir='ltr'><strong>uideatur,</strong></span> 
     </span>
    </p>

    <p class='ocr_par' dir='ltr' id='par_1_8' title="bbox 45 1458 1214 1879">
     <span class='ocr_line' id='line_1_16' title="bbox 45 1458 1214 1540; baseline 0.003 -21"><span class='ocrx_word' id='word_1_135' title='bbox 45 1468 75 1519; x_wconf 76' lang='lat' dir='ltr'><strong>lt</strong></span> <span class='ocrx_word' id='word_1_136' title='bbox 97 1478 134 1521; x_wconf 82' lang='lat' dir='ltr'><strong>ex</strong></span> <span class='ocrx_word' id='word_1_137' title='bbox 157 1462 248 1523; x_wconf 88' lang='lat' dir='ltr'><strong>nouis</strong></span> <span class='ocrx_word' id='word_1_138' title='bbox 262 1458 450 1540; x_wconf 87' lang='lat' dir='ltr'><strong>praetoribus</strong></span> <span class='ocrx_word' id='word_1_139' title='bbox 467 1478 670 1521; x_wconf 87' lang='lat' dir='ltr'><strong>successorem</strong></span> <span class='ocrx_word' id='word_1_140' title='bbox 684 1460 811 1521; x_wconf 91' lang='lat' dir='ltr'><strong>mittant.</strong></span> <span class='ocrx_word' id='word_1_141' title='bbox 849 1462 1011 1539; x_wconf 89' lang='lat' dir='ltr'><strong>eademque</strong></span> <span class='ocrx_word' id='word_1_142' title='bbox 1033 1463 1177 1523; x_wconf 83' lang='lat' dir='ltr'><strong>termedo</strong></span> <span class='ocrx_word' id='word_1_143' title='bbox 1198 1473 1214 1523; x_wconf 82' lang='lat'>4</span> 
     </span>
     <span class='ocr_line' id='line_1_17' title="bbox 97 1543 1177 1625; baseline 0.001 -19"><span class='ocrx_word' id='word_1_144' title='bbox 97 1546 249 1625; x_wconf 86' lang='lat' dir='ltr'><strong>stipendio</strong></span> <span class='ocrx_word' id='word_1_145' title='bbox 277 1546 489 1624; x_wconf 78' lang='lat' dir='ltr'><strong>frumentoque</strong></span> <span class='ocrx_word' id='word_1_146' title='bbox 516 1543 552 1604; x_wconf 93' lang='lat' dir='ltr'><strong>ab</strong></span> <span class='ocrx_word' id='word_1_147' title='bbox 575 1544 608 1605; x_wconf 76' lang='lat' dir='ltr'><strong>A.</strong></span> <span class='ocrx_word' id='word_1_148' title='bbox 632 1544 768 1606; x_wconf 86' lang='lat' dir='ltr'><strong>Cornelio</strong></span> <span class='ocrx_word' id='word_1_149' title='bbox 800 1546 955 1606; x_wconf 84' lang='lat' dir='ltr'><strong>Mammula</strong></span> <span class='ocrx_word' id='word_1_150' title='bbox 983 1556 1177 1625; x_wconf 89' lang='lat' dir='ltr'><strong>propraetore</strong></span> 
     </span>
     <span class='ocr_line' id='line_1_18' title="bbox 97 1630 1177 1709; baseline 0.002 -19"><span class='ocrx_word' id='word_1_151' title='bbox 97 1648 134 1690; x_wconf 83' lang='lat' dir='ltr'><strong>ex</strong></span> <span class='ocrx_word' id='word_1_152' title='bbox 157 1630 295 1691; x_wconf 88' lang='lat' dir='ltr'><strong>Sardinia</strong></span> <span class='ocrx_word' id='word_1_153' title='bbox 309 1630 428 1709; x_wconf 87' lang='lat' dir='ltr'><strong>scripta.</strong></span> <span class='ocrx_word' id='word_1_154' title='bbox 465 1647 641 1708; x_wconf 91' lang='lat' dir='ltr'><strong>responsum</strong></span> <span class='ocrx_word' id='word_1_155' title='bbox 657 1632 786 1709; x_wconf 89' lang='lat' dir='ltr'><strong>utrique,</strong></span> <span class='ocrx_word' id='word_1_156' title='bbox 810 1650 871 1692; x_wconf 92' lang='lat' dir='ltr'><strong>non</strong></span> <span class='ocrx_word' id='word_1_157' title='bbox 888 1650 962 1704; x_wconf 86' lang='lat' dir='ltr'><strong>esse,</strong></span> <span class='ocrx_word' id='word_1_158' title='bbox 984 1632 1064 1692; x_wconf 90' lang='lat' dir='ltr'><strong>unde</strong></span> <span class='ocrx_word' id='word_1_159' title='bbox 1079 1632 1177 1692; x_wconf 92' lang='lat' dir='ltr'><strong>mitte·</strong></span> 
     </span>
     <span class='ocr_line' id='line_1_19' title="bbox 97 1713 1176 1794; baseline 0.001 -19"><span class='ocrx_word' id='word_1_160' title='bbox 97 1725 192 1788; x_wconf 88' lang='lat' dir='ltr'><strong>retur,</strong></span> <span class='ocrx_word' id='word_1_161' title='bbox 214 1715 346 1793; x_wconf 87' lang='lat' dir='ltr'><strong>iussique</strong></span> <span class='ocrx_word' id='word_1_162' title='bbox 368 1714 424 1794; x_wconf 93' lang='lat' dir='ltr'><strong>ipsi</strong></span> <span class='ocrx_word' id='word_1_163' title='bbox 451 1713 593 1775; x_wconf 90' lang='lat' dir='ltr'><strong>classibus</strong></span> <span class='ocrx_word' id='word_1_164' title='bbox 616 1724 706 1792; x_wconf 92' lang='lat' dir='ltr'><strong>atque</strong></span> <span class='ocrx_word' id='word_1_165' title='bbox 729 1714 906 1777; x_wconf 80' lang='lat' dir='ltr'><strong>exercitibus</strong></span> <span class='ocrx_word' id='word_1_166' title='bbox 928 1715 989 1777; x_wconf 91' lang='lat' dir='ltr'><strong>suis</strong></span> <span class='ocrx_word' id='word_1_167' title='bbox 1011 1717 1176 1777; x_wconf 90' lang='lat' dir='ltr'><strong>consulere.</strong></span> 
     </span>
     <span class='ocr_line' id='line_1_20' title="bbox 97 1797 1214 1879; baseline 0.003 -20"><span class='ocrx_word' id='word_1_168' title='bbox 97 1798 132 1859; x_wconf 88' lang='lat' dir='ltr'><strong>T.</strong></span> <span class='ocrx_word' id='word_1_169' title='bbox 148 1799 293 1861; x_wconf 79' lang='lat' dir='ltr'><strong>Otacilius</strong></span> <span class='ocrx_word' id='word_1_170' title='bbox 314 1799 350 1859; x_wconf 94' lang='lat' dir='ltr'><strong>ad</strong></span> <span class='ocrx_word' id='word_1_171' title='bbox 372 1798 494 1860; x_wconf 91' lang='lat' dir='ltr'><strong>unicum</strong></span> <span class='ocrx_word' id='word_1_172' title='bbox 523 1797 687 1861; x_wconf 86' lang='lat' dir='ltr'><strong>subsidium</strong></span> <span class='ocrx_word' id='word_1_173' title='bbox 710 1799 813 1879; x_wconf 93' lang='lat' dir='ltr'><strong>populi</strong></span> <span class='ocrx_word' id='word_1_174' title='bbox 835 1799 976 1872; x_wconf 86' lang='lat' dir='ltr'><strong>Romani,</strong></span> <span class='ocrx_word' id='word_1_175' title='bbox 1007 1800 1177 1877; x_wconf 87' lang='lat' dir='ltr'><strong>Hieronem,</strong></span> <span class='ocrx_word' id='word_1_176' title='bbox 1199 1812 1214 1863; x_wconf 78' lang='lat' dir='ltr'><strong>t</strong></span> 
     </span>
    </p>

    <p class='ocr_par' dir='ltr' id='par_1_9' title="bbox 45 1883 1213 2305">
     <span class='ocr_line' id='line_1_21' title="bbox 45 1883 1177 1965; baseline 0.003 -22"><span class='ocrx_word' id='word_1_177' title='bbox 45 1893 75 1943; x_wconf 71' lang='lat' dir='ltr'><strong>a]</strong></span> <span class='ocrx_word' id='word_1_178' title='bbox 96 1884 212 1965; x_wconf 87' lang='lat' dir='ltr'><strong>legatos</strong></span> <span class='ocrx_word' id='word_1_179' title='bbox 233 1902 301 1945; x_wconf 93' lang='lat' dir='ltr'><strong>cum</strong></span> <span class='ocrx_word' id='word_1_180' title='bbox 323 1884 465 1958; x_wconf 83' lang='lat' dir='ltr'><strong>misisset,</strong></span> <span class='ocrx_word' id='word_1_181' title='bbox 494 1883 526 1943; x_wconf 94' lang='lat' dir='ltr'><strong>in</strong></span> <span class='ocrx_word' id='word_1_182' title='bbox 552 1883 732 1963; x_wconf 89' lang='lat' dir='ltr'><strong>stipendium</strong></span> <span class='ocrx_word' id='word_1_183' title='bbox 762 1885 863 1963; x_wconf 89' lang='lat' dir='ltr'><strong>quanti</strong></span> <span class='ocrx_word' id='word_1_184' title='bbox 885 1886 999 1963; x_wconf 86' lang='lat' dir='ltr'><strong>argenti</strong></span> <span class='ocrx_word' id='word_1_185' title='bbox 1023 1902 1099 1965; x_wconf 92' lang='lat' dir='ltr'><strong>opus</strong></span> <span class='ocrx_word' id='word_1_186' title='bbox 1121 1886 1177 1947; x_wconf 89' lang='lat' dir='ltr'><strong>luit</strong></span> 
     </span>
     <span class='ocr_line' id='line_1_22' title="bbox 97 1968 1213 2049; baseline 0.002 -20"><span class='ocrx_word' id='word_1_187' title='bbox 97 1978 127 2030; x_wconf 92' lang='lat' dir='ltr'><strong>et</strong></span> <span class='ocrx_word' id='word_1_188' title='bbox 149 1988 201 2031; x_wconf 85' lang='lat' dir='ltr'><strong>sex</strong></span> <span class='ocrx_word' id='word_1_189' title='bbox 225 1986 363 2031; x_wconf 90' lang='lat' dir='ltr'><strong>mensum</strong></span> <span class='ocrx_word' id='word_1_190' title='bbox 384 1969 566 2029; x_wconf 83' lang='lat' dir='ltr'><strong>frumentum</strong></span> <span class='ocrx_word' id='word_1_191' title='bbox 590 1969 720 2049; x_wconf 82' lang='lat' dir='ltr'><strong>accepit3</strong></span> <span class='ocrx_word' id='word_1_192' title='bbox 744 1968 881 2030; x_wconf 88' lang='lat' dir='ltr'><strong>Cornelio</strong></span> <span class='ocrx_word' id='word_1_193' title='bbox 904 1970 934 2029; x_wconf 94' lang='lat' dir='ltr'><strong>in</strong></span> <span class='ocrx_word' id='word_1_194' title='bbox 952 1968 1086 2032; x_wconf 89' lang='lat' dir='ltr'><strong>Sardinia</strong></span> <span class='ocrx_word' id='word_1_195' title='bbox 1103 1970 1176 2033; x_wconf 94' lang='lat' dir='ltr'><strong>ciui·</strong></span> <span class='ocrx_word' id='word_1_196' title='bbox 1198 1982 1213 2031; x_wconf 85' lang='lat' dir='ltr'><strong>o</strong></span> 
     </span>
     <span class='ocr_line' id='line_1_23' title="bbox 96 2052 1177 2136; baseline 0 -20"><span class='ocrx_word' id='word_1_197' title='bbox 96 2063 174 2116; x_wconf 87' lang='lat' dir='ltr'><strong>tates</strong></span> <span class='ocrx_word' id='word_1_198' title='bbox 200 2054 298 2115; x_wconf 88' lang='lat' dir='ltr'><strong>sociae</strong></span> <span class='ocrx_word' id='word_1_199' title='bbox 321 2052 452 2133; x_wconf 91' lang='lat' dir='ltr'><strong>benigne</strong></span> <span class='ocrx_word' id='word_1_200' title='bbox 481 2052 682 2114; x_wconf 88' lang='lat' dir='ltr'><strong>contulerunt.</strong></span> <span class='ocrx_word' id='word_1_201' title='bbox 726 2062 755 2114; x_wconf 90' lang='lat' dir='ltr'><strong>et</strong></span> <span class='ocrx_word' id='word_1_202' title='bbox 777 2054 887 2115; x_wconf 85' lang='lat' dir='ltr'><strong>Romae</strong></span> <span class='ocrx_word' id='word_1_203' title='bbox 913 2072 1033 2134; x_wconf 90' lang='lat' dir='ltr'><strong>quoque</strong></span> <span class='ocrx_word' id='word_1_204' title='bbox 1054 2064 1177 2136; x_wconf 92' lang='lat' dir='ltr'><strong>propter</strong></span> 
     </span>
     <span class='ocr_line' id='line_1_24' title="bbox 97 2138 1176 2218; baseline 0.002 -18"><span class='ocrx_word' id='word_1_205' title='bbox 97 2140 256 2218; x_wconf 87' lang='lat' dir='ltr'><strong>penuriam</strong></span> <span class='ocrx_word' id='word_1_206' title='bbox 272 2140 386 2217; x_wconf 91' lang='lat' dir='ltr'><strong>argenti</strong></span> <span class='ocrx_word' id='word_1_207' title='bbox 402 2138 549 2199; x_wconf 89' lang='lat' dir='ltr'><strong>triumuiri</strong></span> <span class='ocrx_word' id='word_1_208' title='bbox 565 2139 704 2201; x_wconf 90' lang='lat' dir='ltr'><strong>mensarii</strong></span> <span class='ocrx_word' id='word_1_209' title='bbox 719 2139 872 2217; x_wconf 91' lang='lat' dir='ltr'><strong>rogatione</strong></span> <span class='ocrx_word' id='word_1_210' title='bbox 889 2139 926 2200; x_wconf 88' lang='lat' dir='ltr'><strong>M.</strong></span> <span class='ocrx_word' id='word_1_211' title='bbox 938 2140 1049 2201; x_wconf 80' lang='lat' dir='ltr'><strong>Minuci</strong></span> <span class='ocrx_word' id='word_1_212' title='bbox 1064 2139 1176 2202; x_wconf 86' lang='lat' dir='ltr'><strong>tribuni</strong></span> 
     </span>
     <span class='ocr_line' id='line_1_25' title="bbox 97 2219 1175 2305; baseline 0.001 -20"><span class='ocrx_word' id='word_1_213' title='bbox 97 2219 196 2305; x_wconf 86' lang='lat' dir='ltr'><strong>plebis</strong></span> <span class='ocrx_word' id='word_1_214' title='bbox 217 2225 303 2297; x_wconf 83' lang='lat' dir='ltr'><strong>lacti,</strong></span> <span class='ocrx_word' id='word_1_215' title='bbox 326 2222 358 2284; x_wconf 89' lang='lat' dir='ltr'><strong>L.</strong></span> <span class='ocrx_word' id='word_1_216' title='bbox 374 2223 515 2284; x_wconf 76' lang='lat' dir='ltr'><strong>Aemilius</strong></span> <span class='ocrx_word' id='word_1_217' title='bbox 536 2223 649 2302; x_wconf 89' lang='lat' dir='ltr'><strong>Papus,</strong></span> <span class='ocrx_word' id='word_1_218' title='bbox 675 2223 726 2303; x_wconf 91' lang='lat' dir='ltr'><strong>qui</strong></span> <span class='ocrx_word' id='word_1_219' title='bbox 753 2224 859 2286; x_wconf 88' lang='lat' dir='ltr'><strong>consul</strong></span> <span class='ocrx_word' id='word_1_220' title='bbox 881 2241 1047 2303; x_wconf 88' lang='lat' dir='ltr'><strong>censorque</strong></span> <span class='ocrx_word' id='word_1_221' title='bbox 1070 2226 1175 2299; x_wconf 90' lang='lat' dir='ltr'><strong>luerat,</strong></span> 
     </span>
    </p>

    <p class='ocr_par' dir='ltr' id='par_1_10' title="bbox 44 2306 1214 2721">
     <span class='ocr_line' id='line_1_26' title="bbox 44 2306 1176 2386; baseline 0.002 -18"><span class='ocrx_word' id='word_1_222' title='bbox 44 2319 74 2368; x_wconf 66' lang='lat' dir='ltr'><strong>‘a&#39;</strong></span> <span class='ocrx_word' id='word_1_223' title='bbox 96 2319 126 2370; x_wconf 85' lang='lat' dir='ltr'><strong>et</strong></span> <span class='ocrx_word' id='word_1_224' title='bbox 147 2309 187 2370; x_wconf 81' lang='lat' dir='ltr'><strong>li.</strong></span> <span class='ocrx_word' id='word_1_225' title='bbox 203 2308 309 2370; x_wconf 74' lang='lat' dir='ltr'><strong>Atilios</strong></span> <span class='ocrx_word' id='word_1_226' title='bbox 331 2306 472 2386; x_wconf 78' lang='lat' dir='ltr'><strong>Regulus,</strong></span> <span class='ocrx_word' id='word_1_227' title='bbox 494 2307 545 2386; x_wconf 90' lang='lat' dir='ltr'><strong>qni</strong></span> <span class='ocrx_word' id='word_1_228' title='bbox 567 2307 614 2369; x_wconf 87' lang='lat' dir='ltr'><strong>bis</strong></span> <span class='ocrx_word' id='word_1_229' title='bbox 636 2308 743 2370; x_wconf 92' lang='lat' dir='ltr'><strong>consul</strong></span> <span class='ocrx_word' id='word_1_230' title='bbox 765 2310 874 2384; x_wconf 88' lang='lat' dir='ltr'><strong>luerat,</strong></span> <span class='ocrx_word' id='word_1_231' title='bbox 902 2317 931 2370; x_wconf 89' lang='lat' dir='ltr'><strong>ct</strong></span> <span class='ocrx_word' id='word_1_232' title='bbox 953 2308 985 2368; x_wconf 86' lang='lat' dir='ltr'><strong>L.</strong></span> <span class='ocrx_word' id='word_1_233' title='bbox 1002 2308 1176 2370; x_wconf 88' lang='lat' dir='ltr'><strong>Scribonius</strong></span> 
     </span>
     <span class='ocr_line' id='line_1_27' title="bbox 97 2390 1214 2472; baseline -0.001 -16"><span class='ocrx_word' id='word_1_234' title='bbox 97 2393 189 2467; x_wconf 85' lang='lat' dir='ltr'><strong>Libo,</strong></span> <span class='ocrx_word' id='word_1_235' title='bbox 215 2394 268 2472; x_wconf 93' lang='lat' dir='ltr'><strong>qui</strong></span> <span class='ocrx_word' id='word_1_236' title='bbox 290 2403 353 2455; x_wconf 92' lang='lat' dir='ltr'><strong>tum</strong></span> <span class='ocrx_word' id='word_1_237' title='bbox 375 2392 514 2454; x_wconf 89' lang='lat' dir='ltr'><strong>tribunus</strong></span> <span class='ocrx_word' id='word_1_238' title='bbox 536 2390 632 2471; x_wconf 92' lang='lat' dir='ltr'><strong>plebis</strong></span> <span class='ocrx_word' id='word_1_239' title='bbox 653 2401 725 2453; x_wconf 90' lang='lat' dir='ltr'><strong>erat.</strong></span> <span class='ocrx_word' id='word_1_240' title='bbox 764 2401 793 2454; x_wconf 93' lang='lat' dir='ltr'><strong>et</strong></span> <span class='ocrx_word' id='word_1_241' title='bbox 808 2392 958 2455; x_wconf 90' lang='lat' dir='ltr'><strong>duumuiri</strong></span> <span class='ocrx_word' id='word_1_242' title='bbox 981 2393 1072 2454; x_wconf 89' lang='lat' dir='ltr'><strong>creati</strong></span> <span class='ocrx_word' id='word_1_243' title='bbox 1094 2393 1132 2454; x_wconf 89' lang='grc' dir='ltr'><strong>Μ.</strong></span> <span class='ocrx_word' id='word_1_244' title='bbox 1149 2403 1178 2455; x_wconf 94' lang='lat' dir='ltr'><strong>et</strong></span> <span class='ocrx_word' id='word_1_245' title='bbox 1200 2406 1214 2455; x_wconf 86' lang='grc' dir='ltr'>τ</span> 
     </span>
     <span class='ocr_line' id='line_1_28' title="bbox 97 2476 1175 2557; baseline 0 -18"><span class='ocrx_word' id='word_1_246' title='bbox 97 2479 129 2540; x_wconf 67' lang='grc' dir='ltr'>Ω</span> <span class='ocrx_word' id='word_1_247' title='bbox 145 2478 227 2539; x_wconf 81' lang='lat' dir='ltr'><strong>Atilii</strong></span> <span class='ocrx_word' id='word_1_248' title='bbox 249 2478 351 2539; x_wconf 89' lang='lat' dir='ltr'><strong>aedem</strong></span> <span class='ocrx_word' id='word_1_249' title='bbox 375 2477 567 2550; x_wconf 85' lang='lat' dir='ltr'><strong>Concordiae,</strong></span> <span class='ocrx_word' id='word_1_250' title='bbox 591 2495 678 2556; x_wconf 90' lang='lat' dir='ltr'><strong>quam</strong></span> <span class='ocrx_word' id='word_1_251' title='bbox 702 2476 734 2538; x_wconf 90' lang='lat' dir='ltr'><strong>L.</strong></span> <span class='ocrx_word' id='word_1_252' title='bbox 753 2477 878 2540; x_wconf 87' lang='lat' dir='ltr'><strong>Manlius</strong></span> <span class='ocrx_word' id='word_1_253' title='bbox 900 2487 1019 2557; x_wconf 86' lang='lat' dir='ltr'><strong>praetor</strong></span> <span class='ocrx_word' id='word_1_254' title='bbox 1041 2487 1175 2550; x_wconf 92' lang='lat' dir='ltr'><strong>uouerat,</strong></span> 
     </span>
     <span class='ocr_line' id='line_1_29' title="bbox 97 2561 1177 2641; baseline -0.001 -16"><span class='ocrx_word' id='word_1_255' title='bbox 97 2564 328 2638; x_wconf 87' lang='lat' dir='ltr'><strong>dedicauerunt;</strong></span> <span class='ocrx_word' id='word_1_256' title='bbox 350 2571 380 2623; x_wconf 91' lang='lat' dir='ltr'><strong>et</strong></span> <span class='ocrx_word' id='word_1_257' title='bbox 400 2572 463 2623; x_wconf 92' lang='lat' dir='ltr'><strong>tres</strong></span> <span class='ocrx_word' id='word_1_258' title='bbox 484 2561 642 2641; x_wconf 86' lang='lat' dir='ltr'><strong>pontifices</strong></span> <span class='ocrx_word' id='word_1_259' title='bbox 660 2563 761 2632; x_wconf 86' lang='lat' dir='ltr'><strong>creati,</strong></span> <span class='ocrx_word' id='word_1_260' title='bbox 784 2563 820 2634; x_wconf 81' lang='lat'><strong>0.</strong></span> <span class='ocrx_word' id='word_1_261' title='bbox 836 2562 978 2624; x_wconf 81' lang='lat' dir='ltr'><strong>Caecilius</strong></span> <span class='ocrx_word' id='word_1_262' title='bbox 997 2561 1132 2624; x_wconf 83' lang='lat' dir='ltr'><strong>Metellus</strong></span> <span class='ocrx_word' id='word_1_263' title='bbox 1147 2570 1177 2624; x_wconf 89' lang='lat' dir='ltr'><strong>et</strong></span> 
     </span>
     <span class='ocr_line' id='line_1_30' title="bbox 98 2645 1175 2721; baseline -0.001 -12"><span class='ocrx_word' id='word_1_264' title='bbox 98 2649 133 2720; x_wconf 75' lang='lat' dir='ltr'><strong>t).</strong></span> <span class='ocrx_word' id='word_1_265' title='bbox 146 2647 258 2711; x_wconf 85' lang='lat' dir='ltr'><strong>Fabius</strong></span> <span class='ocrx_word' id='word_1_266' title='bbox 274 2647 417 2708; x_wconf 84' lang='lat' dir='ltr'><strong>llaximus</strong></span> <span class='ocrx_word' id='word_1_267' title='bbox 439 2655 469 2708; x_wconf 89' lang='lat' dir='ltr'><strong>et</strong></span> <span class='ocrx_word' id='word_1_268' title='bbox 484 2646 520 2717; x_wconf 83' lang='lat' dir='ltr'><strong>Q.</strong></span> <span class='ocrx_word' id='word_1_269' title='bbox 536 2645 658 2709; x_wconf 86' lang='lat' dir='ltr'><strong>Fuluius</strong></span> <span class='ocrx_word' id='word_1_270' title='bbox 673 2646 805 2721; x_wconf 83' lang='lat' dir='ltr'><strong>Flaccus,</strong></span> <span class='ocrx_word' id='word_1_271' title='bbox 829 2648 859 2708; x_wconf 92' lang='lat' dir='ltr'><strong>in</strong></span> <span class='ocrx_word' id='word_1_272' title='bbox 879 2648 978 2709; x_wconf 91' lang='lat' dir='ltr'><strong>locum</strong></span> <span class='ocrx_word' id='word_1_273' title='bbox 995 2647 1026 2708; x_wconf 86' lang='lat' dir='ltr'><strong>P.</strong></span> <span class='ocrx_word' id='word_1_274' title='bbox 1043 2647 1175 2709; x_wconf 90' lang='lat' dir='ltr'><strong>Scantini</strong></span> 
     </span>
    </p>

    <p class='ocr_par' dir='ltr' id='par_1_11' title="bbox 44 2731 1175 2897">
     <span class='ocr_line' id='line_1_31' title="bbox 44 2731 1175 2810; baseline 0.002 -18"><span class='ocrx_word' id='word_1_275' title='bbox 44 2742 75 2792; x_wconf 68' lang='lat' dir='ltr'><strong>a)</strong></span> <span class='ocrx_word' id='word_1_276' title='bbox 95 2733 246 2795; x_wconf 82' lang='lat' dir='ltr'><strong>demortui</strong></span> <span class='ocrx_word' id='word_1_277' title='bbox 269 2741 299 2793; x_wconf 91' lang='lat' dir='ltr'><strong>ct</strong></span> <span class='ocrx_word' id='word_1_278' title='bbox 313 2731 346 2793; x_wconf 90' lang='lat' dir='ltr'><strong>L.</strong></span> <span class='ocrx_word' id='word_1_279' title='bbox 361 2731 467 2792; x_wconf 74' lang='lat' dir='ltr'><strong>Aemili</strong></span> <span class='ocrx_word' id='word_1_280' title='bbox 482 2731 564 2792; x_wconf 88' lang='lat' dir='ltr'><strong>Pauli</strong></span> <span class='ocrx_word' id='word_1_281' title='bbox 587 2731 718 2794; x_wconf 91' lang='lat' dir='ltr'><strong>consulis</strong></span> <span class='ocrx_word' id='word_1_282' title='bbox 734 2739 764 2793; x_wconf 92' lang='lat' dir='ltr'><strong>et</strong></span> <span class='ocrx_word' id='word_1_283' title='bbox 779 2731 815 2803; x_wconf 84' lang='lat' dir='ltr'><strong>Q.</strong></span> <span class='ocrx_word' id='word_1_284' title='bbox 831 2733 893 2794; x_wconf 79' lang='lat' dir='ltr'><strong>deli</strong></span> <span class='ocrx_word' id='word_1_285' title='bbox 909 2732 1000 2807; x_wconf 87' lang='lat' dir='ltr'><strong>Paeti,</strong></span> <span class='ocrx_word' id='word_1_286' title='bbox 1024 2732 1074 2810; x_wconf 90' lang='lat' dir='ltr'><strong>qui</strong></span> <span class='ocrx_word' id='word_1_287' title='bbox 1097 2733 1175 2794; x_wconf 90' lang='lat' dir='ltr'><strong>ceci-</strong></span> 
     </span>
     <span class='ocr_line' id='line_1_32' title="bbox 97 2816 512 2897; baseline -0.005 -19"><span class='ocrx_word' id='word_1_288' title='bbox 97 2818 205 2880; x_wconf 91' lang='lat' dir='ltr'><strong>derant</strong></span> <span class='ocrx_word' id='word_1_289' title='bbox 226 2835 328 2897; x_wconf 92' lang='lat' dir='ltr'><strong>pugna</strong></span> <span class='ocrx_word' id='word_1_290' title='bbox 351 2816 512 2878; x_wconf 69' lang='lat' dir='ltr'><strong>Cannemi.</strong></span> 
     </span>
    </p>

    <p class='ocr_par' dir='ltr' id='par_1_12' title="bbox 183 2900 1226 2980">
     <span class='ocr_line' id='line_1_33' title="bbox 183 2900 1226 2980; baseline -0.002 -16"><span class='ocrx_word' id='word_1_291' title='bbox 183 2902 259 2964; x_wconf 84' lang='lat' dir='ltr'><strong>Cum</strong></span> <span class='ocrx_word' id='word_1_292' title='bbox 287 2910 399 2975; x_wconf 89' lang='lat' dir='ltr'><strong>cetera,</strong></span> <span class='ocrx_word' id='word_1_293' title='bbox 430 2918 505 2980; x_wconf 91' lang='lat' dir='ltr'><strong>quae</strong></span> <span class='ocrx_word' id='word_1_294' title='bbox 533 2900 685 2962; x_wconf 87' lang='lat' dir='ltr'><strong>continuis</strong></span> <span class='ocrx_word' id='word_1_295' title='bbox 713 2900 844 2962; x_wconf 87' lang='lat' dir='ltr'><strong>cladibus</strong></span> <span class='ocrx_word' id='word_1_296' title='bbox 873 2902 991 2965; x_wconf 81' lang='lat' dir='ltr'><strong>fortuna</strong></span> <span class='ocrx_word' id='word_1_297' title='bbox 1018 2902 1173 2976; x_wconf 87' lang='lat' dir='ltr'><strong>minuerat,</strong></span> <span class='ocrx_word' id='word_1_298' title='bbox 1188 2905 1226 2962; x_wconf 72' lang='lat'><strong>22</strong></span> 
     </span>
    </p>

    <p class='ocr_par' dir='ltr' id='par_1_13' title="bbox 96 2985 1174 3068">
     <span class='ocr_line' id='line_1_34' title="bbox 96 2985 1174 3068; baseline -0.002 -19"><span class='ocrx_word' id='word_1_299' title='bbox 96 2994 243 3068; x_wconf 91' lang='lat' dir='ltr'><strong>quantum</strong></span> <span class='ocrx_word' id='word_1_300' title='bbox 267 2986 398 3048; x_wconf 90' lang='lat' dir='ltr'><strong>consiliis</strong></span> <span class='ocrx_word' id='word_1_301' title='bbox 418 2985 557 3047; x_wconf 86' lang='lat' dir='ltr'><strong>humanis</strong></span> <span class='ocrx_word' id='word_1_302' title='bbox 578 2985 698 3064; x_wconf 89' lang='lat' dir='ltr'><strong>adsequi</strong></span> <span class='ocrx_word' id='word_1_303' title='bbox 713 2995 860 3064; x_wconf 88' lang='lat' dir='ltr'><strong>poterant,</strong></span> <span class='ocrx_word' id='word_1_304' title='bbox 884 2995 983 3066; x_wconf 88' lang='lat' dir='ltr'><strong>patres</strong></span> <span class='ocrx_word' id='word_1_305' title='bbox 998 2987 1174 3067; x_wconf 83' lang='lat' dir='ltr'><strong>explessent,</strong></span> 
     </span>
    </p>
   </div>
   <div class='ocr_carea' id='block_1_4' title="bbox 94 3149 1177 3830">
    <p class='ocr_par' dir='ltr' id='par_1_14' title="bbox 94 3149 1177 3830">
     <span class='ocr_line' id='line_1_35' title="bbox 183 3149 1175 3220; baseline -0.001 -15"><span class='ocrx_word' id='word_1_306' title='bbox 183 3157 277 3219; x_wconf 82' lang='lat' dir='ltr'><strong>lpars</strong></span> <span class='ocrx_word' id='word_1_307' title='bbox 294 3151 330 3203; x_wconf 98' lang='grc' dir='ltr'>Ρ</span> <span class='ocrx_word' id='word_1_308' title='bbox 356 3167 403 3219; x_wconf 84' lang='lat' dir='ltr'><strong>par</strong></span> <span class='ocrx_word' id='word_1_309' title='bbox 421 3152 452 3203; x_wconf 90' lang='grc' dir='ltr'>Ρ</span> <span class='ocrx_word' id='word_1_310' title='bbox 471 3151 481 3217; x_wconf 90' lang='grc' dir='ltr'>Ι</span> <span class='ocrx_word' id='word_1_311' title='bbox 500 3154 515 3202; x_wconf 83' lang='grc'>3</span> <span class='ocrx_word' id='word_1_312' title='bbox 533 3151 624 3203; x_wconf 88' lang='lat' dir='ltr'><strong>brutiis</strong></span> <span class='ocrx_word' id='word_1_313' title='bbox 641 3150 688 3218; x_wconf 73' lang='lat' dir='ltr'><strong>Pl</strong></span> <span class='ocrx_word' id='word_1_314' title='bbox 706 3149 837 3204; x_wconf 88' lang='lat' dir='ltr'><strong>dedendos</strong></span> <span class='ocrx_word' id='word_1_315' title='bbox 853 3151 888 3204; x_wconf 88' lang='grc' dir='ltr'>Ρ</span> <span class='ocrx_word' id='word_1_316' title='bbox 902 3150 912 3220; x_wconf 87' lang='grc' dir='ltr'><strong>ΙΙ</strong></span> <span class='ocrx_word' id='word_1_317' title='bbox 931 3157 946 3205; x_wconf 82' lang='grc'>5</span> <span class='ocrx_word' id='word_1_318' title='bbox 968 3153 1048 3205; x_wconf 81' lang='lat' dir='ltr'><strong>relate</strong></span> <span class='ocrx_word' id='word_1_319' title='bbox 1068 3151 1175 3204; x_wconf 70' lang='lat' dir='ltr'><strong>Crivier</strong></span> 
     </span>
     <span class='ocr_line' id='line_1_36' title="bbox 95 3217 1175 3286; baseline 0.001 -14"><span class='ocrx_word' id='word_1_320' title='bbox 95 3220 182 3272; x_wconf 82' lang='lat' dir='ltr'><strong>relaxa</strong></span> <span class='ocrx_word' id='word_1_321' title='bbox 201 3221 234 3273; x_wconf 91' lang='grc' dir='ltr'>Ρ</span> <span class='ocrx_word' id='word_1_322' title='bbox 261 3219 374 3271; x_wconf 76' lang='lat' dir='ltr'><strong>relenta</strong></span> <span class='ocrx_word' id='word_1_323' title='bbox 393 3218 426 3271; x_wconf 92' lang='grc' dir='ltr'>Ρ</span> <span class='ocrx_word' id='word_1_324' title='bbox 467 3221 529 3271; x_wconf 81' lang='lat' dir='ltr'><strong>tire</strong></span> <span class='ocrx_word' id='word_1_325' title='bbox 548 3223 720 3282; x_wconf 69' lang='lat' dir='ltr'><strong>tenuemntg</strong></span> <span class='ocrx_word' id='word_1_326' title='bbox 746 3219 906 3272; x_wconf 88' lang='lat' dir='ltr'><strong>retinuerunt</strong></span> <span class='ocrx_word' id='word_1_327' title='bbox 923 3217 998 3286; x_wconf 81' lang='grc' dir='ltr'>Ρ119</span> <span class='ocrx_word' id='word_1_328' title='bbox 1019 3219 1124 3272; x_wconf 88' lang='lat' dir='ltr'><strong>totacilii</strong></span> <span class='ocrx_word' id='word_1_329' title='bbox 1141 3221 1175 3273; x_wconf 94' lang='grc' dir='ltr'>Ρ</span> 
     </span>
     <span class='ocr_line' id='line_1_37' title="bbox 96 3285 1177 3354; baseline -0.001 -14"><span class='ocrx_word' id='word_1_330' title='bbox 96 3287 217 3341; x_wconf 84' lang='lat' dir='ltr'><strong>ttoacilii</strong></span> <span class='ocrx_word' id='word_1_331' title='bbox 240 3287 276 3339; x_wconf 98' lang='grc' dir='ltr'>Ρ</span> <span class='ocrx_word' id='word_1_332' title='bbox 301 3287 399 3341; x_wconf 86' lang='lat' dir='ltr'><strong>otacilii</strong></span> <span class='ocrx_word' id='word_1_333' title='bbox 465 3285 527 3353; x_wconf 79' lang='lat' dir='ltr'><strong>tto</strong></span> <span class='ocrx_word' id='word_1_334' title='bbox 545 3301 570 3352; x_wconf 90' lang='lat' dir='ltr'><strong>p.</strong></span> <span class='ocrx_word' id='word_1_335' title='bbox 590 3285 739 3338; x_wconf 79' lang='lat' dir='ltr'><strong>Glareanus</strong></span> <span class='ocrx_word' id='word_1_336' title='bbox 767 3287 862 3354; x_wconf 81' lang='grc' dir='ltr'>·1·ΡΙΙ</span> <span class='ocrx_word' id='word_1_337' title='bbox 882 3289 913 3340; x_wconf 83' lang='lat'><strong>12</strong></span> <span class='ocrx_word' id='word_1_338' title='bbox 935 3303 964 3339; x_wconf 86' lang='lat' dir='ltr'><strong>nc</strong></span> <span class='ocrx_word' id='word_1_339' title='bbox 989 3287 1130 3338; x_wconf 75' lang='lat' dir='ltr'><strong>Weissenb.</strong></span> <span class='ocrx_word' id='word_1_340' title='bbox 1149 3293 1177 3339; x_wconf 84' lang='lat' dir='ltr'><strong>et</strong></span> 
     </span>
     <span class='ocr_line' id='line_1_38' title="bbox 94 3353 1175 3422; baseline 0 -15"><span class='ocrx_word' id='word_1_341' title='bbox 94 3354 249 3416; x_wconf 68' lang='lat' dir='ltr'><strong>Alschefski</strong></span> <span class='ocrx_word' id='word_1_342' title='bbox 276 3370 308 3408; x_wconf 89' lang='lat' dir='ltr'><strong>ae</strong></span> <span class='ocrx_word' id='word_1_343' title='bbox 324 3357 349 3407; x_wconf 83' lang='lat' dir='ltr'><em>P</em></span> <span class='ocrx_word' id='word_1_344' title='bbox 372 3361 399 3406; x_wconf 90' lang='lat' dir='ltr'><strong>et</strong></span> <span class='ocrx_word' id='word_1_345' title='bbox 409 3359 429 3419; x_wconf 86' lang='grc' dir='ltr'><strong><em>ς</em></strong></span> <span class='ocrx_word' id='word_1_346' title='bbox 441 3353 451 3422; x_wconf 87' lang='grc' dir='ltr'>Ι</span> <span class='ocrx_word' id='word_1_347' title='bbox 463 3354 541 3406; x_wconf 89' lang='lat' dir='ltr'><strong>sociis</strong></span> <span class='ocrx_word' id='word_1_348' title='bbox 553 3353 588 3404; x_wconf 92' lang='grc' dir='ltr'>Ρ</span> <span class='ocrx_word' id='word_1_349' title='bbox 613 3355 681 3406; x_wconf 84' lang='lat' dir='ltr'><strong>socia</strong></span> <span class='ocrx_word' id='word_1_350' title='bbox 693 3355 725 3406; x_wconf 91' lang='grc' dir='ltr'>Ρ</span> <span class='ocrx_word' id='word_1_351' title='bbox 737 3355 747 3422; x_wconf 84' lang='grc' dir='ltr'><strong>ΙΙ</strong></span> <span class='ocrx_word' id='word_1_352' title='bbox 762 3357 794 3409; x_wconf 84' lang='grc'><strong>14</strong></span> <span class='ocrx_word' id='word_1_353' title='bbox 811 3355 988 3422; x_wconf 73' lang='lat' dir='ltr'><strong>sibiiquaesita</strong></span> <span class='ocrx_word' id='word_1_354' title='bbox 1006 3353 1123 3407; x_wconf 82' lang='lat' dir='ltr'><strong>uideatur</strong></span> <span class='ocrx_word' id='word_1_355' title='bbox 1134 3354 1175 3422; x_wconf 85' lang='grc' dir='ltr'>ΡΙ</span> 
     </span>
     <span class='ocr_line' id='line_1_39' title="bbox 98 3421 1176 3478; baseline -0.003 -1"><span class='ocrx_word' id='word_1_356' title='bbox 98 3425 129 3478; x_wconf 85' lang='lat' dir='ltr'><strong>ta</strong></span> <span class='ocrx_word' id='word_1_357' title='bbox 147 3423 286 3476; x_wconf 85' lang='lat' dir='ltr'><strong>consulere</strong></span> <span class='ocrx_word' id='word_1_358' title='bbox 309 3428 327 3475; x_wconf 86' lang='lat' dir='ltr'><strong>t.</strong></span> <span class='ocrx_word' id='word_1_359' title='bbox 352 3422 471 3475; x_wconf 85' lang='lat' dir='ltr'><strong>otncilins</strong></span> <span class='ocrx_word' id='word_1_360' title='bbox 496 3421 578 3474; x_wconf 78' lang='lat' dir='ltr'><strong>Grec.</strong></span> <span class='ocrx_word' id='word_1_361' title='bbox 609 3422 874 3476; x_wconf 86' lang='lat' dir='ltr'><strong>consuleretotacilius</strong></span> <span class='ocrx_word' id='word_1_362' title='bbox 892 3422 924 3474; x_wconf 90' lang='grc' dir='ltr'>Ρ</span> <span class='ocrx_word' id='word_1_363' title='bbox 951 3422 1095 3475; x_wconf 85' lang='lat' dir='ltr'><strong>consuleret</strong></span> <span class='ocrx_word' id='word_1_364' title='bbox 1113 3423 1176 3474; x_wconf 89' lang='lat' dir='ltr'><strong>taci-</strong></span> 
     </span>
     <span class='ocr_line' id='line_1_40' title="bbox 96 3488 1176 3559; baseline 0.002 -17"><span class='ocrx_word' id='word_1_365' title='bbox 96 3492 146 3544; x_wconf 81' lang='lat' dir='ltr'><strong>lins</strong></span> <span class='ocrx_word' id='word_1_366' title='bbox 156 3491 192 3544; x_wconf 93' lang='grc' dir='ltr'>Ρ</span> <span class='ocrx_word' id='word_1_367' title='bbox 219 3490 384 3543; x_wconf 84' lang='lat' dir='ltr'><strong>consulerent</strong></span> <span class='ocrx_word' id='word_1_368' title='bbox 401 3488 521 3543; x_wconf 86' lang='lat' dir='ltr'><strong>otacilius</strong></span> <span class='ocrx_word' id='word_1_369' title='bbox 535 3489 570 3541; x_wconf 90' lang='grc' dir='ltr'>Ρ</span> <span class='ocrx_word' id='word_1_370' title='bbox 583 3490 637 3554; x_wconf 77' lang='grc'><strong>120</strong></span> <span class='ocrx_word' id='word_1_371' title='bbox 655 3499 779 3556; x_wconf 86' lang='lat' dir='ltr'><strong>quantum</strong></span> <span class='ocrx_word' id='word_1_372' title='bbox 797 3492 895 3557; x_wconf 87' lang='lat' dir='ltr'><strong>argenti</strong></span> <span class='ocrx_word' id='word_1_373' title='bbox 908 3493 928 3554; x_wconf 84' lang='grc' dir='ltr'><strong><em>ς</em></strong></span> <span class='ocrx_word' id='word_1_374' title='bbox 940 3489 949 3555; x_wconf 80' lang='lat' dir='ltr'><strong>l</strong></span> <span class='ocrx_word' id='word_1_375' title='bbox 962 3492 994 3544; x_wconf 80' lang='lat'><strong>23</strong></span> <span class='ocrx_word' id='word_1_376' title='bbox 1013 3491 1123 3542; x_wconf 82' lang='lat' dir='ltr'><strong>mensuri</strong></span> <span class='ocrx_word' id='word_1_377' title='bbox 1136 3491 1176 3559; x_wconf 76' lang='lat' dir='ltr'><strong>Pil</strong></span> 
     </span>
     <span class='ocr_line' id='line_1_41' title="bbox 95 3557 1176 3626; baseline 0.001 -17"><span class='ocrx_word' id='word_1_378' title='bbox 95 3560 231 3626; x_wconf 78' lang='lat' dir='ltr'><strong>rogatione</strong></span> <span class='ocrx_word' id='word_1_379' title='bbox 250 3573 284 3611; x_wconf 88' lang='lat' dir='ltr'><strong>m.</strong></span> <span class='ocrx_word' id='word_1_380' title='bbox 302 3560 360 3611; x_wconf 84' lang='lat' dir='ltr'><strong>Jac.</strong></span> <span class='ocrx_word' id='word_1_381' title='bbox 380 3558 461 3610; x_wconf 80' lang='lat' dir='ltr'><strong>Gron.</strong></span> <span class='ocrx_word' id='word_1_382' title='bbox 488 3557 648 3623; x_wconf 84' lang='lat' dir='ltr'><strong>rogationem</strong></span> <span class='ocrx_word' id='word_1_383' title='bbox 663 3558 705 3625; x_wconf 82' lang='grc' dir='ltr'>ΡΙ</span> <span class='ocrx_word' id='word_1_384' title='bbox 719 3559 750 3610; x_wconf 77' lang='lat' dir='ltr'><strong>tr</strong></span> <span class='ocrx_word' id='word_1_385' title='bbox 769 3558 835 3610; x_wconf 88' lang='lat' dir='ltr'><strong>atilli</strong></span> <span class='ocrx_word' id='word_1_386' title='bbox 853 3559 884 3610; x_wconf 92' lang='grc' dir='ltr'>Ρ</span> <span class='ocrx_word' id='word_1_387' title='bbox 913 3557 1011 3610; x_wconf 83' lang='lat' dir='ltr'><strong>atillius</strong></span> <span class='ocrx_word' id='word_1_388' title='bbox 1027 3557 1062 3610; x_wconf 88' lang='grc' dir='ltr'>Ρ</span> <span class='ocrx_word' id='word_1_389' title='bbox 1096 3559 1176 3611; x_wconf 87' lang='lat' dir='ltr'><strong>mnni-</strong></span> 
     </span>
     <span class='ocr_line' id='line_1_42' title="bbox 94 3623 1177 3695; baseline 0 -17"><span class='ocrx_word' id='word_1_390' title='bbox 94 3628 145 3679; x_wconf 86' lang='lat' dir='ltr'><strong>iins</strong></span> <span class='ocrx_word' id='word_1_391' title='bbox 163 3625 337 3695; x_wconf 74' lang='lat' dir='ltr'><strong>Plnonerat</strong></span> <span class='ocrx_word' id='word_1_392' title='bbox 354 3625 390 3677; x_wconf 90' lang='grc' dir='ltr'>Ρ</span> <span class='ocrx_word' id='word_1_393' title='bbox 415 3630 553 3678; x_wconf 83' lang='lat' dir='ltr'><strong>nocanerst</strong></span> <span class='ocrx_word' id='word_1_394' title='bbox 571 3625 604 3676; x_wconf 88' lang='grc' dir='ltr'>Ρ</span> <span class='ocrx_word' id='word_1_395' title='bbox 621 3623 631 3691; x_wconf 92' lang='grc' dir='ltr'>Ι</span> <span class='ocrx_word' id='word_1_396' title='bbox 650 3627 683 3678; x_wconf 82' lang='grc'><strong>28</strong></span> <span class='ocrx_word' id='word_1_397' title='bbox 702 3630 754 3678; x_wconf 86' lang='lat' dir='ltr'><strong>tres</strong></span> <span class='ocrx_word' id='word_1_398' title='bbox 771 3625 804 3677; x_wconf 91' lang='grc' dir='ltr'>Ρ</span> <span class='ocrx_word' id='word_1_399' title='bbox 829 3640 870 3677; x_wconf 88' lang='lat' dir='ltr'><strong>res</strong></span> <span class='ocrx_word' id='word_1_400' title='bbox 889 3627 919 3677; x_wconf 89' lang='grc' dir='ltr'>Ρ</span> <span class='ocrx_word' id='word_1_401' title='bbox 939 3625 948 3693; x_wconf 92' lang='grc' dir='ltr'><strong>ΙΙ</strong></span> <span class='ocrx_word' id='word_1_402' title='bbox 962 3643 986 3693; x_wconf 93' lang='lat' dir='ltr'><strong>q.</strong></span> <span class='ocrx_word' id='word_1_403' title='bbox 1004 3627 1074 3679; x_wconf 86' lang='lat' dir='ltr'><strong>caeci</strong></span> <span class='ocrx_word' id='word_1_404' title='bbox 1085 3626 1124 3678; x_wconf 88' lang='lat' dir='ltr'><strong>ius</strong></span> <span class='ocrx_word' id='word_1_405' title='bbox 1143 3626 1177 3678; x_wconf 90' lang='grc' dir='ltr'>Ρ</span> 
     </span>
     <span class='ocr_line' id='line_1_43' title="bbox 95 3691 1175 3762; baseline -0.001 -15"><span class='ocrx_word' id='word_1_406' title='bbox 95 3711 146 3761; x_wconf 88' lang='lat' dir='ltr'><strong>qne</strong></span> <span class='ocrx_word' id='word_1_407' title='bbox 163 3695 288 3747; x_wconf 80' lang='lat' dir='ltr'><strong>caecilius</strong></span> <span class='ocrx_word' id='word_1_408' title='bbox 307 3694 342 3745; x_wconf 88' lang='lat' dir='ltr'><strong>P¹</strong></span> <span class='ocrx_word' id='word_1_409' title='bbox 359 3695 414 3758; x_wconf 76' lang='grc'><strong>129</strong></span> <span class='ocrx_word' id='word_1_410' title='bbox 432 3710 457 3760; x_wconf 91' lang='lat' dir='ltr'><strong>q.</strong></span> <span class='ocrx_word' id='word_1_411' title='bbox 475 3692 559 3745; x_wconf 86' lang='lat' dir='ltr'><strong>labina</strong></span> <span class='ocrx_word' id='word_1_412' title='bbox 576 3691 614 3745; x_wconf 97' lang='grc' dir='ltr'>Ρ</span> <span class='ocrx_word' id='word_1_413' title='bbox 639 3708 717 3759; x_wconf 90' lang='lat' dir='ltr'><strong>quam</strong></span> <span class='ocrx_word' id='word_1_414' title='bbox 742 3693 825 3745; x_wconf 83' lang='lat' dir='ltr'><strong>tatius</strong></span> <span class='ocrx_word' id='word_1_415' title='bbox 843 3693 880 3745; x_wconf 87' lang='grc' dir='ltr'>Ρ</span> <span class='ocrx_word' id='word_1_416' title='bbox 892 3693 901 3762; x_wconf 79' lang='lat' dir='ltr'><strong>ll</strong></span> <span class='ocrx_word' id='word_1_417' title='bbox 917 3696 948 3747; x_wconf 80' lang='lat'><strong>30</strong></span> <span class='ocrx_word' id='word_1_418' title='bbox 967 3711 992 3761; x_wconf 93' lang='lat' dir='ltr'><strong>q.</strong></span> <span class='ocrx_word' id='word_1_419' title='bbox 1010 3698 1030 3759; x_wconf 85' lang='grc' dir='ltr'><strong><em>ς</em></strong></span> <span class='ocrx_word' id='word_1_420' title='bbox 1059 3709 1125 3761; x_wconf 89' lang='lat' dir='ltr'><strong>quae</strong></span> <span class='ocrx_word' id='word_1_421' title='bbox 1143 3693 1175 3746; x_wconf 90' lang='grc' dir='ltr'>Ρ</span> 
     </span>
     <span class='ocr_line' id='line_1_44' title="bbox 95 3759 805 3830; baseline -0.004 -14"><span class='ocrx_word' id='word_1_422' title='bbox 95 3778 145 3830; x_wconf 82' lang='lat' dir='ltr'><strong>qua</strong></span> <span class='ocrx_word' id='word_1_423' title='bbox 163 3762 199 3814; x_wconf 86' lang='grc' dir='ltr'>Ρ</span> <span class='ocrx_word' id='word_1_424' title='bbox 210 3763 221 3828; x_wconf 81' lang='grc' dir='ltr'>Ι</span> <span class='ocrx_word' id='word_1_425' title='bbox 233 3761 313 3830; x_wconf 82' lang='lat' dir='ltr'><strong>peetii</strong></span> <span class='ocrx_word' id='word_1_426' title='bbox 332 3762 376 3829; x_wconf 91' lang='lat' dir='ltr'><strong>qui</strong></span> <span class='ocrx_word' id='word_1_427' title='bbox 395 3759 538 3814; x_wconf 87' lang='lat' dir='ltr'><strong>caeciderat</strong></span> <span class='ocrx_word' id='word_1_428' title='bbox 555 3761 597 3828; x_wconf 78' lang='lat' dir='ltr'><strong>Pl</strong></span> <span class='ocrx_word' id='word_1_429' title='bbox 610 3760 642 3813; x_wconf 79' lang='lat'><strong>³2</strong></span> <span class='ocrx_word' id='word_1_430' title='bbox 661 3760 763 3814; x_wconf 84' lang='lat' dir='ltr'><strong>lortnnai</strong></span> <span class='ocrx_word' id='word_1_431' title='bbox 781 3762 805 3813; x_wconf 84' lang='grc' dir='ltr'>Ρ</span> 
     </span>
    </p>
   </div>
   <div class='ocr_carea' id='block_1_5' title="bbox 0 0 1372 4250">
    <p class='ocr_par' dir='ltr' id='par_1_15' title="bbox 0 0 1372 4250">
     <span class='ocr_line' id='line_1_45' title="bbox 0 0 1372 4250; baseline 0 0"><span class='ocrx_word' id='word_1_432' title='bbox 0 0 1372 4250; x_wconf 95' lang='lat' dir='ltr'><strong> </strong></span> 
     </span>
    </p>
   </div>
  </div>
 </body>
</html>
