2734 4250
91 163 113 196 2,
129 150 180 195 cur,
194 151 234 194 poa
465 133 561 186 LlBER
578 133 686 201 xxvsst,
705 138 746 188 33.
765 138 798 190 at
1107 135 1166 194 171

91 308 161 370 dare
177 306 321 369 cornibus
336 307 367 369 in
382 316 442 369 tam
457 317 585 387 augusto
600 307 705 387 spatio,
728 317 757 370 et
772 308 859 381 hosti,
881 326 970 388 quem
986 327 1053 370 cum
1070 310 1167 390 pedite

91 392 270 465 deduxisset
293 392 429 456 inutilem
447 395 520 454 lore.
557 394 657 472 itaque
679 394 804 472 imperat
818 393 926 468 Laelio,
950 403 983 455 ut
1006 395 1166 474 percellis
1189 404 1216 455 ιι

93 497 182 558 quam
211 478 411 541 occultissimo
440 478 546 538 itincre
579 477 782 540 circumducat
813 479 928 557 equites
961 489 1165 560 segregetque,

92 572 239 644 quantum
267 564 375 643 possit,
405 572 574 642 equestrem
600 582 616 623 a
644 563 773 642 pedestri
801 581 949 643 pugnam;
977 565 1042 643 ipse
1067 565 1167 626 omnia
1191 574 1219 625 12

8 704 9 729 ,
55 658 70 707 t
92 650 177 729 signa
192 648 327 729 peditum
341 649 372 709 iu
388 649 481 710 bostis
496 649 602 722 uertit;
626 655 767 727 quattuor
781 649 911 711 cohortis
933 650 963 710 in
988 650 1087 711 lroute
1108 658 1167 712 sta-

92 735 158 809 tuit,
182 733 250 813 quia
273 735 360 795 latius
382 733 514 814 pandere
535 733 627 795 aciem
651 751 712 794 non
735 741 860 813 poterat.
894 752 1007 795 moram
1030 752 1168 815 puguau·
1190 743 1218 793 tt

92 819 121 880 di
151 819 263 881 nullam
293 819 381 893 lecit,
414 826 447 879 ut
475 818 542 899 ipso
570 819 733 880 certamine
761 827 911 880 auerteret
937 817 973 880 ab
1003 828 1167 900 conspectu

90 904 311 966 transeuntium
323 922 379 983 per
389 904 480 965 colles
491 903 633 982 equitum.
659 921 715 964 uec
727 911 797 965 ante
808 903 1026 966 circumductos
1037 923 1167 978 sensere,

8 1014 9 1049 ι
93 1008 182 1069 quam
204 988 367 1051 tumultum
389 989 536 1068 equestris
557 1006 676 1069 pugnae
699 987 736 1049 ab
758 997 843 1068 tergo
866 1006 1018 1069 accepere.
1052 989 1091 1050 ita
1107 991 1167 1052 duo
1189 998 1219 1050 ιι

41 1082 69 1136 ιιι
90 1075 208 1137 diuersa
229 1075 343 1154 proelia
365 1082 466 1135 eraut:
488 1073 564 1135 duae
586 1074 718 1152 peditum
740 1073 833 1148 acies,
864 1073 922 1135 duo
946 1074 1092 1153 equitatus
1114 1093 1168 1155 per

8 1164 9 1241 ζ
91 1159 311 1240 longitudinem
326 1159 433 1238 campi,
457 1158 525 1237 quia
539 1158 658 1220 misceri
680 1176 716 1219 ex
738 1176 849 1238 genere
870 1167 999 1238 utroque
1020 1158 1165 1238 proelium

8 1264 9 1267 ¹
92 1245 247 1325 augustiae
261 1263 324 1306 non
341 1243 540 1323 patiebantur,
555 1241 738 1323 pugnabant.
770 1243 969 1325 Hispanorum
985 1261 1053 1304 cum
1069 1261 1167 1321 neque
1191 1257 1218 1308 tt

8 1294 182 1410 pedes
198 1329 291 1409 equiti
306 1347 363 1390 nec
378 1347 471 1408 eques
485 1327 577 1409 pediti
591 1328 700 1389 auxilio
715 1336 804 1402 esset,
827 1329 918 1408 pedes
935 1327 1042 1389 fiducia
1060 1327 1187 1407 equitis·

90 1425 204 1478 temere
226 1415 403 1477 commissus
424 1432 529 1493 campo
553 1412 736 1511 caederetur,
758 1432 850 1494 eques
865 1414 1088 1475 circumuentus
1111 1431 1167 1474 nec

8 1506 68 1558 ιι
90 1501 220 1580 peditem
243 1518 259 1559 a
282 1500 445 1560 fronte-
467 1499 525 1560 iam
548 1499 628 1560 enim
651 1505 758 1560 stratae
782 1499 934 1596 pedestres
956 1498 1059 1596 copiae
1081 1507 1168 1560 crant

91 1621 134 1632 -
149 1603 207 1646 neo
222 1584 259 1646 ab
274 1593 359 1663 tergo
375 1584 505 1663 equitem
520 1583 691 1658 sustineret,
715 1592 744 1644 et
758 1583 823 1663 ipsi,
847 1603 914 1646 oum
934 1583 1014 1644 diu'
1007 1603 1037 1645 ru
1062 1583 1166 1645 orbem

91 1689 157 1732 sese
178 1670 326 1732 stantibus
348 1669 433 1747 equis
454 1669 667 1742 defendissent
690 1668 726 1729 ad
748 1687 842 1730 uuum
865 1687 970 1730 omnes
992 1669 1069 1730 caesi
1087 1677 1166 1744 sunt,

92 1773 149 1817 nec
172 1756 328 1835 quisquam
350 1753 484 1833 peditum
505 1754 678 1834 equitumue
700 1755 860 1833 superfuit,
884 1755 934 1835 qui
957 1754 988 1815 iu
1011 1753 1087 1816 ualle
1108 1772 1165 1834 pu·

91 1849 271 1921 guaueruut.
316 1839 401 1900 tertia
429 1857 513 1920 pars,
544 1857 620 1918 quae
642 1838 673 1901 in
697 1839 772 1901 colle
794 1839 830 1900 ad
852 1838 1055 1920 spectaculum
1075 1840 1169 1918 magis
1192 1849 1219 1902 lt

40 1933 69 1986 to
90 1934 190 1988 tutum
205 1943 294 2004 quam
314 1925 351 1986 ad
373 1933 487 2003 partem
508 1941 627 2004 pugnae
643 1925 852 2003 capessendam
868 1932 998 1999 steterat,
1021 1932 1051 1986 et
1068 1924 1166 1986 locum

91 2019 122 2072 et
142 2020 261 2090 tempus
275 2010 310 2071 ad
326 2009 501 2088 fugiendum
516 2009 628 2071 babuit.
665 2009 817 2071 intereos
839 2019 869 2071 et
883 2009 978 2089 reguli
1001 2009 1058 2089 ipsi
1080 2011 1166 2090 luge·
1190 2020 1218 2071 lt

8 2094 9 2190 J
89 2104 179 2170 runt,
207 2094 380 2176 priusquam
409 2102 471 2157 tota
499 2094 769 2157 circumueniretur
797 2095 875 2157 acies
903 2094 982 2156 inter
1009 2094 1166 2156 tumultum

8 2183 9 2240 l
90 2181 192 2261 clapsi.
222 2189 318 2242 castra
333 2180 436 2242 eodem
459 2180 507 2242 die
522 2180 724 2260 Hispanorum
740 2190 857 2259 praeter
872 2188 1002 2253 ceteram
1024 2179 1163 2277 praedam
1182 2184 1222 2241 84

91 2284 162 2328 cum
175 2266 273 2327 tribus
293 2267 388 2327 terme
410 2266 529 2328 milibus
552 2264 708 2326 homiuum
728 2264 897 2344 capiuntur.
931 2264 1057 2325 Romani
1079 2264 1168 2325 socii·
1190 2274 1204 2324 2

8 2353 9 2406 i

38 2360 66 2410 ao
89 2370 150 2431 que
181 2351 218 2412 ad
249 2349 330 2412 mille
363 2360 394 2412 et
425 2351 547 2412 ducenti
579 2369 616 2412 eo
645 2348 760 2429 proelio
792 2349 980 2420 cecideruut,
1014 2348 1170 2410 uulnerata

8 2483 9 2514 ,
89 2436 217 2534 amplius
238 2436 293 2498 tria
322 2436 401 2497 milia
429 2435 594 2498 bominum.
637 2435 738 2495 minus
759 2443 884 2495 cruenta
909 2432 1034 2495 uictoria
1056 2433 1168 2507 luisset,

8 2537 9 2550 ¹
89 2522 115 2583 si
148 2521 315 2600 patentiore
344 2539 448 2601 campo
477 2530 508 2583 et
537 2521 574 2582 ad
606 2521 707 2598 lugam
740 2519 950 2598 capessendam
981 2518 1059 2580 lacili
1092 2519 1171 2580 soret

8 2641 9 2674 r
111 2615 264 2685 ugnatum.

88 2626 109 2688 p
174 2690 309 2753 ludibilis
336 2689 459 2752 abiectis
486 2689 556 2752 belli
584 2688 733 2761 consiliis,
765 2688 839 2751 nibil
868 2688 960 2751 tutius
988 2688 1019 2749 in
1042 2686 1205 2749 addictist

36 2785 66 2835 ιιι
90 2776 182 2838 rebus
204 2786 325 2856 experta
354 2774 411 2836 dde
441 2784 471 2835 et
499 2774 657 2836 elementia
679 2773 830 2854 Scipionis
852 2782 951 2849 ratus,
974 2773 1168 2835 Mandonium

91 2863 214 2923 fratrem
233 2862 269 2923 ad
291 2879 361 2923 eum
382 2860 487 2943 mittit;
511 2860 562 2939 qui
584 2858 743 2921 aduolutus
764 2857 893 2940 genibus
914 2859 1033 2921 letalem
1054 2857 1168 2921 rabiem
1189 2867 1206 2917 4

89 3078 117 3116 ae
135 3064 174 3115 Σ
198 3061 318 3129 equidem
336 3076 394 3115 esse
411 3060 460 3130 ΡΙ
478 3063 493 3114 2
518 3060 652 3113 deduxiset
670 3060 713 3127 Pl
731 3064 746 3114 3
769 3066 911 3129 aecregetq.
930 3063 953 3113 P
968 3061 977 3129 ΙΙ
998 3062 1015 3115 d
1032 3060 1115 3127 possit
1133 3060 1170 3111 Σ

88 3136 179 3199 posset
195 3131 239 3198 ΡΙ
257 3146 272 3183 a
288 3148 344 3183 rae.
361 3146 396 3181 ea·
413 3129 445 3181 ad
464 3128 535 3181 Pab
552 3126 705 3190 Alschefski
723 3126 733 3195 l
752 3142 865 3193 pugnam
883 3131 906 3180 P
927 3143 1013 3195 pugna
1031 3128 1067 3178 Σ
1080 3127 1149 3207 115·
1143 3142 1169 3179 ιιι

88 3200 173 3252 bootia
190 3202 215 3252 P
229 3199 260 3252 ad
279 3199 368 3251 bootes
386 3198 422 3248 ΣΙ
435 3200 471 3263 ll
491 3198 523 3250 ab
543 3196 624 3249 Groa.
642 3197 674 3248 ad
687 3198 711 3248 P
725 3211 739 3247 a
753 3196 791 3246 ΣΙ
803 3194 841 3263 μ
859 3195 974 3263 equitum
989 3197 1013 3247 P
1027 3195 1169 3263 equitatum

89 3266 129 3319 Ρ
145 3268 156 3335 Ι
175 3282 224 3320 nec
241 3267 279 3318 Σι
295 3282 379 3335 ucque
396 3269 420 3318 P
434 3264 445 3333 l
460 3280 564 3319 sensere
586 3262 658 3316 ΡΣ*
680 3278 786 3317 censere
804 3264 844 3327 Ρ,
868 3277 971 3315 eernere
988 3262 1030 3325 Ρ,
1053 3262 1101 3313 aad
1116 3278 1170 3313 aaa.

88 3351 196 3389 ceumre
212 3338 299 3387 rectit.
317 3336 377 3401 lto
395 3334 496 3386 diuersa
514 3332 562 3399 Ρ,
580 3349 631 3387 om.
648 3331 694 3399 ΡΙΙ
713 3332 801 3432 peqitn
819 3332 861 3395 Ρ,
879 3346 949 3382 corr.
966 3300 1072 3397 1211’13
1090 3328 1169 3397 pedes

88 3421 144 3458 raa
162 3420 198 3457 eae
215 3403 315 3471 pedites
333 3401 379 3469 ΡΙ
397 3417 445 3454 uec
462 3416 543 3469 eques
562 3401 599 3451 Σ
617 3399 765 3481 nequesP¹
783 3415 837 3533 neq
836 3415 867 3451 ue
888 3412 968 3466 eques
984 3396 1038 3464 ΡΙ
1033 3396 1169 3465 llaauxilio

8 3513 9 3528 ι
88 3473 131 3540 ΡΙ
146 3477 177 3527 ta
195 3472 307 3541 peditem
326 3470 397 3523 ΡΣ
414 3469 554 3536 praeditem
572 3469 605 3520 P¹
624 3467 777 3537 pedestris
794 3416 837 3533 P
852 3468 883 3519 18
901 3466 1072 3532 pugnauerint
1090 3465 1144 3515 Σι

8 3537 9 3542 ’
90 3542 123 3593 20
140 3539 316 3605 capessendae
333 3538 382 3605 Pl
399 3540 429 3591 21
449 3537 527 3590 reeuli
546 3537 593 3605 ΡΙ
610 3539 642 3591 23
661 3542 771 3589 ceteram
789 3536 827 3586 2¹
845 3550 886 3587 am
904 3534 935 3586 Ρ
952 3534 1092 3600 reliquaam
1110 3532 1144 3585 Ρ

91 3610 125 3661 24
147 3608 261 3660 millibus
278 3608 322 3672 ΡΙ
334 3610 367 3661 25
386 3612 413 3659 et
431 3606 534 3658 ducenti
558 3606 604 3657 ael
626 3610 653 3656 et
673 3603 798 3657 ducentos
816 3602 854 3654 Σ*
877 3602 980 3655 ducenti
998 3618 1053 3654 rac.
1071 3618 1106 3653 occ
1123 3600 1169 3653 du·

91 3675 168 3728 centii
186 3676 230 3739 ΡΙ
242 3677 275 3728 tt
293 3675 377 3727 miuus
394 3673 465 3726 ΡΣ
482 3673 565 3726 minos
583 3674 615 3725 Ρ
627 3672 637 3735 l
651 3674 682 3725 22
702 3672 777 3724 facile
795 3673 819 3723 Ρ
850 3674 882 3725 28
901 3676 1041 3751 pugnatum
1054 3670 1094 3720 Σ’
1111 3684 1170 3737 pur-

92 3750 179 3808 gatum
195 3741 285 3811 utta
303 3742 418 3796 consiliis
438 3740 509 3793 ΡΣι
526 3742 641 3794 consiliis
659 3740 766 3793 abiectis
784 3738 847 3791 beli
865 3738 979 3792 consiliis
996 3740 1052 3807 P¹ss
1081 3739 1107 3789 iu
1125 3737 1169 3789 ad·

91 3811 168 3865 dictis
186 3828 222 3862 aa
239 3810 349 3864 adflictis
367 3810 399 3862 Ρ
418 3809 521 3863 afflictis
538 3811 575 3860 Σ
588 3809 598 3876 Ι
611 3812 641 3864 tt
663 3808 814 3861 aduolutum
831 3808 856 3858 P
