2734 4250
195 132 257 191 208
573 131 667 184 LIBER
685 133 780 198 xxtttt,
799 137 840 186 21.
853 135 885 186 22
1134 161 1155 192 a.
1166 162 1189 193 u.
1201 161 1222 194 e.
1233 154 1281 194 5⁴0

139 316 172 384 tt
192 305 247 366 diis
269 306 398 365 firmarat
412 303 518 364 horrea
541 303 674 382 publica:
697 304 780 366 locus
794 324 864 366 saro
881 304 1023 384 quadrato
1047 318 1167 386 saeptus
1181 317 1279 385 atque

79 402 80 406 ’
194 390 270 453 arcis
292 390 321 450 in
339 389 457 449 modum
474 388 623 449 emunitus
644 389 761 468 capitur
783 389 818 450 ab
837 391 1003 463 iuuentute,
1026 409 1101 469 quae
1123 393 1279 471 praesidio

194 477 258 538 eius
287 475 343 535 loci
373 471 519 534 adtributa
547 483 622 546 erat,
652 475 834 554 mittuntque
860 475 981 537 nuntios
1007 475 1038 535 iu
1063 477 1277 552 Achradinam,

193 562 300 622 horrea
323 560 564 637 frumentumque
586 557 616 618 in
640 569 761 620 senatus
783 568 928 639 potestate
949 578 1024 621 esse.

142 651 181 707 22
280 643 359 703 Luce
374 643 468 722 prima
485 643 613 723 populus
628 644 735 718 omnis,
757 653 887 706 armatus
901 645 1094 723 inermisque,
1111 644 1141 704 in
1159 644 1278 706 Achra·
1302 659 1320 706 5

194 729 293 791 dinam
317 729 351 788 ad
374 728 484 806 curiam
508 728 660 789 conuenit.
700 728 741 788 ibi
762 748 818 808 pro
842 729 1024 790 Concordiae
1046 747 1110 803 ara,
1139 730 1275 808 quaein

195 833 231 875 eo
253 813 307 875 sita
330 813 396 872 loco
419 821 491 885 erat,
514 830 549 872 ex
570 813 757 892 principibus
777 834 857 875 uuus
880 813 1000 875 nomine
1016 814 1182 893 Polyaenus
1198 834 1278 875 con-

158 900 306 960 ationem
329 905 359 958 et
381 895 501 957 liberam
525 906 555 957 et
575 898 756 959 moderatam
779 898 890 959 habuit.
927 899 1081 960 seruitutis
1096 899 1278 960 formidines

194 983 444 1062 indignitatesque
467 981 602 1042 homines
618 993 755 1062 expertos
776 984 918 1044 aduersus
940 993 1045 1044 notum
1066 983 1174 1044 malum
1197 983 1277 1044 inri-

194 1077 271 1129 tatos
293 1083 374 1140 esse;
397 1067 543 1128 discordia
559 1067 655 1128 ciuilis
673 1087 746 1146 quas
768 1067 900 1147 inportet
920 1068 1027 1141 clades,
1048 1069 1165 1128 audisse
1180 1069 1279 1146 magis
1303 1079 1337 1130 10

157 1164 172 1214 t
194 1151 359 1232 apatribus
374 1151 576 1230 Syracusanos
592 1170 680 1230 quam
701 1153 783 1231 ipsos
803 1153 919 1214 uidisse.
957 1170 1036 1213 arma
1059 1154 1138 1231 quod
1155 1153 1278 1232 inpigre

195 1237 338 1317 ceperint,
360 1235 496 1311 laudare;
519 1237 610 1314 magis
630 1236 826 1310 laudaturum,
843 1237 867 1298 si
885 1256 944 1297 non
961 1246 1083 1298 utantur
1098 1238 1154 1298 nisi
1169 1237 1277 1298 ultima

157 1334 172 1384 1
194 1321 369 1384 necessitate
392 1321 495 1381 coacti.
533 1321 748 1401 inpraesentia
770 1322 881 1400 legatos
902 1321 938 1382 ad
954 1321 1180 1383 Adranodorum
1197 1323 1277 1383 mitti

194 1409 321 1487 placere,
345 1405 395 1484 qui
418 1405 605 1480 denuntient,
628 1406 713 1467 utin
737 1417 882 1484 potestate
900 1419 1021 1468 senatus
1043 1425 1078 1467 ac
1099 1407 1202 1486 populi
1224 1407 1276 1480 sit,

157 1503 172 1552 5
193 1501 295 1571 portas
306 1490 423 1551 Insulae
440 1490 559 1570 aperiat,
575 1489 678 1551 reddat
693 1491 880 1569 praesidium.
907 1491 932 1552 si
946 1491 1066 1552 tutelam
1082 1491 1169 1552 alieni
1186 1492 1274 1570 regni
1300 1501 1337 1552 15

194 1595 281 1639 suum
303 1593 429 1654 regnum
452 1575 524 1635 uelit
545 1576 658 1646 facore,
687 1576 814 1636 eundem
844 1594 876 1637 se
905 1594 1029 1637 censere
1058 1577 1150 1636 multo
1174 1578 1275 1638 acrius

158 1673 174 1722 6
195 1660 232 1722 ab
248 1661 440 1720 Adranodoro
465 1677 551 1738 quam
573 1659 610 1720 ab
626 1659 808 1740 Hieronymo
830 1662 924 1740 repeti
946 1660 1121 1721 libertatem.
1157 1660 1195 1721 ab
1216 1662 1275 1722 hac

196 1745 337 1806 contione
363 1744 451 1820 ¹legati
480 1743 661 1805 missisunt
704 1755 827 1806 senatus
851 1745 920 1806 inde
947 1744 1048 1806 haberi
1072 1754 1196 1824 coeptus
1217 1755 1274 1819 est,

196 1829 274 1908 quod
298 1829 374 1888 sicut
389 1839 533 1907 regnante
555 1828 686 1890 Hierone
702 1839 849 1890 manserat
865 1829 1019 1909 publicum
1042 1830 1208 1902 consilium,
1230 1830 1273 1891 ita

195 1921 402 1994 postmortem
426 1913 489 1974 eius
512 1924 581 1973 ante
603 1931 666 1974 eam
690 1914 768 1974 diem
790 1915 871 1974 nulla
893 1915 930 1974 de
945 1933 978 1976 re
1001 1931 1099 1992 neque
1115 1915 1275 1975 conuocati
1298 1927 1334 1979 2)

159 2012 173 2061 t
196 2017 293 2076 neque
308 1997 434 2058 consulti
452 1998 577 2058 fuerant.
615 2007 648 2059 ut
662 2008 786 2058 uentum
802 1999 837 2059 ad
852 1999 1080 2060 Adranodorum
1097 2008 1149 2070 est,
1172 1999 1272 2079 ipsum
1364 2016 1365 2019 ’

196 2084 313 2163 quidem
336 2082 475 2144 mouebat
496 2091 527 2144 et
548 2083 657 2143 ciuium
680 2102 845 2146 consensus
874 2092 992 2146 etcum
1015 2084 1087 2145 aliae
1110 2094 1273 2164 occupatae
1364 2084 1365 2087 ’

194 2168 278 2231 urbis
306 2177 404 2248 partes
432 2177 495 2228 tum
517 2186 587 2247 pars
608 2167 726 2229 Insulae
753 2170 802 2231 uel
827 2169 1023 2231 munitissima
1045 2170 1161 2248 prodita
1182 2180 1273 2249 atque
1364 2171 1365 2174 ’

157 2254 327 2320 talienata.
371 2254 421 2314 sed
449 2261 604 2313 euocatum
632 2271 700 2314 eum
729 2252 767 2313 ab
796 2253 899 2332 legatis
921 2254 1074 2315 [lamarata
1095 2272 1184 2328 uxor,
1212 2256 1273 2315 ntia

196 2339 343 2411 Hieronis,
366 2338 467 2399 inflata
488 2336 585 2398 adhuc
606 2338 695 2417 regiis
724 2339 830 2399 animis
855 2356 889 2399 ac
909 2338 1047 2399 muliebri
1068 2339 1192 2418 spiritu,
1220 2340 1272 2400 ad·
1294 2352 1329 2403 25

154 2434 297 2488 amonet
325 2440 413 2502 saepe
443 2434 599 2501 usurpatae
630 2423 749 2503 Dionysi
778 2424 897 2503 tyranni
925 2424 1025 2498 uocis,
1059 2441 1117 2501 que
1146 2424 1273 2504 pedibus

194 2517 336 2581 tractum,
368 2525 429 2568 non
453 2507 629 2569 insidentem
653 2526 731 2586 equo
761 2509 931 2586 relinquere
957 2509 1143 2588 tyrannidem
1166 2509 1273 2570 dixerit

195 2593 318 2654 debere:
343 2592 427 2653 facile
443 2610 508 2653 esse
524 2601 684 2666 momento,
709 2610 768 2670 quo
785 2593 850 2672 quis
865 2592 946 2664 uelit,
964 2594 1070 2654 cedere
1085 2594 1272 2672 possessione

195 2695 320 2755 magnae
342 2677 489 2750 fortunae,
511 2678 608 2737 facere
631 2684 661 2737 et
681 2696 786 2756 parare
809 2696 873 2737 eam
895 2677 1013 2738 difficile
1035 2685 1124 2757 atque
1146 2677 1271 2739 arduum

145 2772 174 2825 to
196 2780 268 2823 esse.
306 2760 432 2840 spatium
448 2771 577 2822 sumeret
593 2762 627 2821 ad
644 2762 872 2823 consultandum
890 2762 927 2823 ab
947 2762 1066 2841 legatis;
1088 2772 1274 2824 conteretur
1292 2775 1327 2826 ao

195 2846 230 2906 ad
247 2846 439 2906 arcessendos
455 2863 489 2905 es
506 2844 660 2907 Leontinis
683 2846 798 2920 milites,
822 2846 930 2925 quibus
948 2847 973 2908 si
988 2847 1146 2927 pecuniam
1162 2848 1271 2927 regiam

144 2941 172 2994 11
195 2929 344 3010 pollicitus
359 2937 445 3003 esset,
468 2930 566 2991 omnia
581 2931 612 2991 in
629 2939 774 3010 potestate
797 2932 860 2993 eius
878 2931 986 2993 futura.
1023 2932 1097 2993 haec
1119 2931 1272 2994 muliebria

195 3014 318 3076 consilia
333 3014 545 3076 Adranodorus
567 3033 665 3093 neque
679 3024 741 3076 tota
755 3024 929 3095 aspernatus
944 3024 989 3078 est
1011 3035 1109 3095 neque
1125 3018 1271 3097 extemplo

199 3117 400 3129 ---—·-

283 3151 295 3202 1
314 3146 427 3198 firmarat
447 3145 553 3199 Ordoim
579 3146 664 3200 firmat
680 3150 704 3199 Ρ
721 3148 731 3215 l
748 3151 764 3201 5
782 3148 840 3201 luce
858 3148 890 3199 Ρ1
920 3148 992 3200 lueet
1008 3148 1040 3201 P¹
1087 3152 1103 3203 6
1122 3150 1272 3203 concordiae

195 3233 230 3267 ecc
247 3213 410 3268 concordiam
428 3215 461 3266 P¹
480 3214 490 3283 l
507 3219 521 3267 'l
540 3215 598 3267 loco
617 3216 651 3267 P²
676 3215 703 3267 lo
721 3216 754 3266 Ρι
772 3216 782 3283 Ι
800 3232 832 3268 cx
849 3218 877 3281 ς,
894 3232 944 3268 om.
964 3218 1010 3280 Pl
1027 3232 1174 3283 poyaenus
1192 3218 1271 3271 Gron.

195 3284 340 3351 polynaeus
359 3283 406 3349 Pl
427 3285 442 3336 8
461 3283 592 3335 seruitutis
610 3283 759 3335 formidines
777 3286 834 3347 (uel
849 3283 1030 3351 turpitudines)
1052 3283 1195 3338 Weissand.
1221 3302 1273 3339 ser-

195 3352 359 3403 uitudinisP
402 3353 417 3402 9
441 3350 651 3417 indignitatisque
675 3351 769 3418 Plra
788 3351 956 3403 andradorum
977 3352 1019 3417 Pl
1038 3354 1160 3417 14111ς
1186 3354 1209 3405 si
1228 3356 1273 3423 Pl

198 3422 229 3472 15
247 3419 372 3471 insuleP
404 3418 502 3483 aperiat
515 3418 595 3470 Gron.
623 3425 700 3485 apeat
719 3419 749 3468 Ρι
776 3426 863 3485 pateat
880 3418 1079 3486 P’lreddatP
1101 3422 1188 3472 tradat
1204 3426 1271 3473 cont

196 3486 307 3551 Madvig
319 3486 377 3537 Em.
391 3486 451 3538 Lis.
464 3486 516 3538 338
528 3486 537 3553 l
553 3490 582 3541 11
601 3486 746 3539 androdoro
760 3488 802 3556 Pl
814 3487 956 3539 hieronimo
969 3486 1012 3554 Pl
1024 3487 1056 3538 ab
1075 3503 1105 3539 ac
1123 3487 1168 3552 Pl
1181 3491 1212 3543 nt
1229 3506 1273 3541 an·

176 3554 331 3605 dradorum
351 3555 438 3616 Pyra
456 3562 581 3620 occupate
599 3554 640 3623 Pl
655 3558 687 3609 23
706 3554 789 3607 insule
801 3555 898 3673 P'luel
913 3554 995 3607 (fron.
1022 3554 1130 3607 uelutP
1164 3558 1197 3609 31
1213 3572 1272 3609 eno·

197 3628 255 3673 catu
270 3620 310 3688 Pl
325 3621 357 3672 25
375 3623 443 3685 regis
456 3622 477 3671 Ρ
489 3621 498 3689 ΙΙ
511 3624 543 3675 to
561 3621 681 3690 dionysio
700 3627 810 3691 tyranno
850 3622 916 3673 ulter
927 3623 938 3690 l
951 3624 984 3675 29
1003 3637 1095 3688 magne
1111 3623 1135 3672 P
1167 3627 1201 3678 30
1217 3640 1273 3677 esse

196 3688 307 3756 spatium
326 3689 383 3739 Ine.
403 3688 484 3739 Gron.
512 3704 677 3756 essespauunr
699 3690 729 3740 P¹
755 3705 827 3744 esses
845 3691 949 3758 paulum
966 3690 998 3740 P²
1019 3690 1029 3756 l
1051 3692 1082 3743 31
1108 3705 1140 3742 ex
1163 3708 1216 3745 ras.
1239 3709 1273 3744 ec

197 3771 242 3807 sex
260 3756 303 3822 Pl
316 3757 349 3807 33
368 3755 559 3808 andranodorus
576 3758 619 3823 Pl
632 3763 784 3824 aspernatus
801 3762 832 3810 in
849 3764 995 3824 asportatus
1011 3762 1078 3812 mot.
1095 3759 1138 3823 P¹,
1157 3760 1206 3811 aad
1220 3777 1272 3813 ras.

197 3824 267 3875 illud
282 3826 437 3875 restitutum
