2734 4250
174 114 216 177 72
582 112 677 167 ltBntt
694 112 792 178 nvn,
811 116 835 167 l.
853 116 869 168 8
1103 139 1124 171 a.
1139 138 1163 173 n.
1178 139 1199 172 c.
1211 131 1253 173 ub

176 291 206 354 in
232 307 345 351 annum
368 287 501 368 Scipioni
523 286 701 365 Silanoque‚
729 286 781 347 sed
810 286 905 349 donec
935 286 1067 349 reuocati
1088 285 1124 347 ab
1146 296 1255 349 senatu

174 378 283 446 forent,
305 380 499 455 prorogatum
521 372 679 451 imperium
702 380 756 433 est.
795 371 835 433 ita
857 371 1031 450 prouinciae
1053 370 1255 434 exercituum-

176 479 234 540 que
256 460 288 522 in
312 476 381 520 eum
403 476 517 519 annum
539 456 646 537 partita
668 456 802 537 imperia.

140 551 159 607 8
259 544 342 605 lnter
355 544 503 605 maiorum
516 560 618 603 rerum
633 559 720 605 curas
737 541 855 603 comitia
877 540 996 603 maximi
1018 541 1160 615 curionis,
1182 558 1256 603 cum

175 630 207 691 in
229 630 327 691 locum
343 629 382 690 tl.
397 628 503 689 Aemili
517 626 656 690 sacerdos
670 636 833 700 crearetur,
856 634 942 689 uetus
960 627 1167 688 excitauerunt
1188 643 1256 687 cer·
1277 636 1293 687 t

138 725 154 777 2
174 724 285 788 tamen,
308 713 439 795 patriciis
454 711 633 791 negantibus
647 711 679 772 C.
694 711 804 773 Mamili
818 711 914 787 areli,
937 712 988 791 qui
1008 730 1086 775 unus
1107 729 1143 772 ex
1166 710 1256 790 plebe

175 798 304 879 petebat,
326 798 491 861 habendam
513 797 661 859 rationem
676 815 752 869 esse,
774 797 844 877 quia
866 815 954 859 nemo
975 806 1045 860 ante
1060 814 1129 859 eum
1144 796 1257 858 nisiex

138 896 153 947 t
175 885 309 967 patribus
330 884 358 945 id
374 883 571 946 sacerdotium
586 882 745 944 habuisset.
783 881 896 944 tribuni
911 882 1049 962 appellati
1065 880 1101 944 ad
1116 891 1256 943 senatum

176 989 240 1033 rem
268 968 452 1043 reiecerunt;
481 976 603 1031 senatus
629 967 733 1047 populi
763 976 938 1045 potestatem
962 968 1047 1029 lecit:
1077 968 1117 1028 ita
1138 967 1256 1046 primus

137 1066 154 1117 t
176 1074 212 1119 ex
227 1054 313 1135 plebe
327 1063 446 1117 oreatus
456 1053 601 1115 maximus
612 1052 696 1114 curio
708 1051 739 1113 C.
752 1052 898 1115 Mamilius
908 1052 1030 1115 Atellus.
1060 1062 1090 1113 et
1104 1052 1257 1113 flaminem
1278 1060 1304 1111 u

176 1141 289 1204 Dialem
311 1139 440 1203 inuitum
456 1137 628 1217 inaugurari
645 1138 744 1216 coegit
762 1136 794 1199 P.
806 1137 938 1200 Licinius
958 1138 1093 1217 pontilex
1108 1137 1256 1199 maximus

177 1226 208 1288 C.
231 1224 380 1287 Valerium
401 1222 555 1296 Flaccum3
578 1222 780 1285 decemuirum
802 1222 894 1285 saeris
915 1222 1062 1285 faciundis
1083 1232 1201 1285 creatus
1223 1224 1254 1285 in

138 1312 273 1373 tlocum
289 1310 326 1382 Q.
342 1308 421 1371 lduci
436 1308 596 1370 Scaeuolae
610 1307 760 1369 demortui
778 1306 810 1369 u.
826 1307 989 1370 Laetorius.
1027 1324 1144 1369 causam
1168 1306 1256 1369 inau-

176 1396 278 1477 gurari
300 1394 395 1455 coacti
416 1393 543 1455 llaminis
564 1392 662 1455 libens
682 1392 882 1467 retinuissem,
913 1393 943 1453 ni
966 1412 1003 1455 ox
1023 1392 1100 1454 mala
1123 1394 1201 1454 lama
1223 1392 1253 1454 in

176 1482 286 1544 bonam
309 1479 457 1541 uertisset.
494 1478 532 1539 ob
547 1476 777 1539 adulescentiam
794 1478 998 1557 neclegentem
1014 1478 1257 1558 luxuriosamque
1277 1484 1303 1535 u

178 1566 209 1629 C.
232 1565 356 1627 Flaccus
380 1564 488 1625 llamen
509 1571 614 1643 eaptus
634 1581 652 1625 a
674 1562 706 1623 P.
730 1562 844 1625 Licinio
866 1563 1009 1642 pontifice
1030 1563 1160 1626 maximo
1182 1572 1256 1637 erat,

177 1651 211 1712 L.
227 1650 334 1711 Flacco
356 1649 439 1711 iratri
458 1665 601 1728 germano
622 1648 818 1727 cognatisque
839 1648 903 1710 aliis
925 1647 965 1710 ob
988 1647 1090 1709 eadem
1113 1646 1185 1709 uitia
1208 1648 1256 1709 in·
1355 1655 1361 1696 :

139 1736 268 1799 ouisus.
312 1734 352 1808 is,
381 1743 416 1794 ut
441 1733 575 1795 animum
603 1733 667 1795 eius
689 1751 761 1795 cura
782 1750 935 1795 sacrorum
957 1742 987 1795 et
1008 1733 1256 1795 caerimoniarum

178 1818 896 1983 tutat.'tlttlttlttttttlttttt‘
909 1818 1258 1982 inutilitati
1277 1908 1307 1961 ω

141 2003 155 2053 t
176 1988 351 2068 alienisque,
373 1997 460 2051 esset.
496 1987 585 2051 bxtius
600 1989 694 2049 lamae
709 2006 858 2051 consensu
877 1988 971 2051 elatus
992 1948 1037 2051 ad,
1050 1922 1163 2051 iustani
1179 1987 1257 2049 fidu·

178 2074 254 2138 ciam
275 2073 322 2138 sui
343 2091 408 2136 rem
429 2073 626 2136 intermissam
649 2072 835 2154 permultos
857 2091 954 2138 annos
979 2072 1018 2136 ob
1047 2072 1256 2154 indignitatem

140 2172 156 2226 8
177 2161 330 2224 flaminum
344 2160 478 2240 priorum
493 2158 642 2239 repetiuit,
657 2170 691 2220 ut
705 2159 736 2220 in
752 2168 890 2223 sensuum
908 2159 1056 2222 introiret.
1085 2159 1257 2239 ingressum

178 2263 248 2310 eum
269 2245 381 2308 curiam
402 2263 472 2306 cum
494 2243 529 2308 l..
553 2243 685 2306 Licinius
706 2253 826 2323 praetor
847 2244 916 2306 inde
938 2244 1096 2318 eduxisset,
1118 2243 1258 2306 tribunos

178 2331 274 2412 plebis
296 2329 464 2411 appellauit.
514 2329 622 2390 llamen
651 2338 802 2391 uetustum
831 2329 878 2391 ius
902 2329 1058 2394 sacerdotii
1087 2329 1257 2410 repetebata
1281 2335 1311 2386 m

179 2417 278 2478 datum
300 2415 329 2477 id
350 2433 420 2478 cum
441 2423 509 2493 toga
530 2423 682 2494 praetexta
703 2423 734 2476 et
754 2415 825 2476 sella
848 2415 944 2477 curuli
966 2415 994 2476 ei
1016 2414 1156 2477 llamonio
1178 2433 1256 2478 esse.

140 2511 297 2582 epraeter
322 2519 384 2563 non
413 2499 536 2562 exoletis
565 2507 712 2562 uetustate
738 2499 891 2562 annalium
921 2500 1063 2580 exemplis
1092 2508 1171 2562 stsre
1199 2499 1256 2574 ius,

177 2588 229 2649 sed
258 2585 479 2647 recentissimae
507 2583 651 2664 cuiusque
683 2585 909 2648 consuetudinis
937 2603 993 2648 usu
1028 2583 1161 2648 uolebat:
1198 2603 1257 2646 nec

178 2680 295 2752 patrum
318 2688 375 2731 nee
396 2687 522 2731 auorum
544 2668 687 2731 memoria
709 2669 819 2732 Dialem
844 2687 1022 2750 quemquam
1047 2670 1075 2731 id
1098 2671 1144 2732 ius
1165 2687 1257 2732 usur·

127 2765 157 2818 lu
176 2773 273 2837 passe.
317 2753 430 2816 tribuni
453 2773 515 2815 rem
538 2754 645 2815 inertia
666 2754 818 2816 flaminum
849 2754 1046 2817 oblitteratam
1072 2754 1161 2833 ipsis,
1191 2771 1255 2816 non
1280 2759 1313 2812 tn

178 2839 343 2903 sacerdotio
355 2838 463 2900 damno
479 2839 569 2901 luisse
580 2857 648 2900 cum
660 2857 787 2918 aequom
798 2840 995 2913 censuissent,
1006 2858 1046 2900 ne
1059 2839 1123 2920 ipso
1135 2838 1256 2918 quidem

178 2933 283 2986 contra
318 2923 460 2985 tendente
491 2932 628 3005 praetore
662 2942 770 3004 magno
799 2925 926 2987 adsensu
953 2935 1071 3006 patrum
1099 2923 1257 3004 plebisque

178 3009 328 3071 flaminem
350 3009 381 3070 in
403 3018 539 3070 senatum
561 3009 807 3084 introduxerunt,
837 3009 976 3073 omnibus
997 3011 1037 3071 ita
1059 3009 1257 3072 existimanti·

249 3181 262 3229 1
283 3189 376 3228 annum
395 3176 434 3226 ΣΡ
451 3175 543 3228 annuis
560 3175 631 3243 Ρ12
649 3191 718 3243 quas
735 3178 798 3228 utne
815 3173 874 3238 sare
891 3191 975 3243 usquo
992 3177 1070 3243 adp.
1085 3177 1170 3241 tato
1187 3176 1257 3229 inte·

177 3260 266 3299 ramna
282 3249 440 3310 aequamen,
457 3245 655 3296 tatermderunt
670 3247 701 3296 r'n
715 3245 752 3296 Σ1
764 3245 775 3311 l
787 3245 978 3312 exercitumque
989 3244 1030 3312 ΡΙ
1044 3247 1059 3299 3
1072 3259 1166 3296 annum
1180 3243 1255 3297 Gale·

178 3318 240 3365 nius
256 3313 341 3364 locum
355 3312 397 3380 ΡΙ
410 3315 428 3366 4
443 3312 547 3365 comitia
559 3316 579 3378 ς
590 3313 752 3366 consumitis
765 3313 807 3378 Pl
819 3317 837 3367 ll
848 3327 901 3366 rem
914 3313 1003 3380 Gerra,
1016 3328 1065 3364 orta
1076 3313 1115 3377 ΡΙ
1130 3315 1160 3366 10
1173 3311 1258 3364 llami-

178 3397 236 3436 nem
248 3385 268 3446 ς
279 3380 355 3432 dame
367 3381 392 3432 P
425 3383 455 3433 ll
470 3379 613 3446 inaugurari
627 3381 666 3433 ed
678 3381 768 3434 Colore.
780 3381 844 3433 1525
858 3381 975 3447 augurari
985 3380 1028 3448 ΡΙ
1042 3383 1073 3434 12
1082 3379 1257 3434 decemuirum

180 3448 348 3502 Pdecemnir
364 3453 384 3513 ς
420 3449 451 3502 13
470 3447 590 3500 menelae
608 3449 650 3516 ΡΙ
662 3448 809 3516 inaugurari
827 3449 943 3501 Froben.
963 3449 1028 3502 1531
1047 3448 1200 3514 inaugurare
1212 3450 1238 3501 P

181 3519 213 3571 16
231 3522 322 3584 captus
342 3516 379 3567 Ρ
399 3521 508 3584 capptur
526 3516 558 3567 P¹
570 3516 581 3584 l
594 3520 625 3570 ll
645 3515 714 3568 llalrl
731 3519 755 3568 P
768 3517 778 3583 ΙΙ
791 3518 823 3569 23
842 3516 958 3570 introiret
980 3521 1000 3582 ς
1022 3523 1050 3569 nt
1073 3516 1190 3568 introiret
1208 3517 1233 3568 P

179 3587 214 3636 24
230 3582 248 3634 l.
267 3585 290 3634 Ρ
308 3600 333 3650 p.
356 3584 425 3635 duee
448 3583 582 3636 uternam
606 3584 733 3650 Qontur
752 3585 762 3652 i
781 3587 812 3638 id
835 3583 922 3638 datum
944 3584 978 3638 P¹
1001 3583 1133 3637 datdatnm
1158 3585 1215 3652 P¹l
1232 3587 1256 3638 el

179 3650 292 3714 iladvig
308 3656 336 3702 et
353 3652 381 3715 P,
399 3651 450 3704 dol.
466 3651 572 3704 Modica
590 3651 673 3705 Gran.
688 3653 697 3720 l
710 3652 824 3704 llamlnio
842 3654 883 3720 ΡΙ
897 3655 929 3706 28
948 3653 1124 3706 recentissime
1136 3651 1179 3720 ΡΙ
1191 3668 1257 3706 usna

180 3716 284 3769 ualebat
302 3716 345 3784 ΡΙ
358 3720 391 3771 29
409 3727 558 3784 usurpasset
575 3721 663 3788 rtao
682 3721 788 3774 inertias
805 3721 848 3788 Pl
861 3721 1023 3774 obliteratam
1035 3719 1077 3788 ΡΙ
1089 3722 1124 3774 32
1137 3727 1257 3788 praetore

182 3791 202 3849 ς
219 3789 336 3850 praetura
355 3785 396 3853 ΡΙ
409 3786 542 3852 pleblsnae
559 3788 583 3839 P
