2734 4250
129 166 151 197 2,
161 154 214 197 eps,
224 156 263 197 tlt
552 135 646 189 LIBER
663 135 743 202 XXV,
761 140 793 190 27
1149 139 1209 200 275

128 332 200 375 eum
223 313 318 374 classe
340 312 492 392 proiectus
514 311 730 392 Carthaginem,
756 311 795 372 ita
818 312 950 391 exposita
971 314 1091 374 fortuna
1114 315 1210 377 socio-

129 418 215 472 rum,
246 408 279 459 ut
300 416 385 478 spem
403 399 524 459 laceret
545 416 607 458 non
630 397 703 477 ipsis
725 397 812 458 modo
841 396 998 459 salutarem
1028 417 1115 478 opem
1138 400 1210 461 lami

128 502 231 564 posse,
254 484 305 545 sed
321 482 470 545 Romanos
492 500 612 563 quoqne
626 482 657 543 in
673 490 760 561 capta
784 482 910 561 quodam
933 484 1020 545 modo
1043 483 1118 545 urhe
1134 486 1208 565 capi,

127 569 272 651 perpulit,
294 577 328 629 ot
351 568 501 630 onerarias
517 586 610 630 naues
631 584 719 646 quam
741 567 894 648 plurumas
909 569 992 630 omni
1009 570 1093 650 copia
1109 588 1209 631 rerum
1232 583 1246 633 a

87 666 103 714 5
127 663 253 717 onustas
282 670 383 715 secum
413 654 565 715 mitterent
593 653 776 732 classemque
804 670 886 714 suam
915 664 1069 734 augerent.
1121 655 1245 735 igiturt

127 748 253 803 centum
274 738 395 817 triginta
413 739 539 800 nauibus
554 739 660 817 longis,
683 739 880 819 septingentis
898 740 1042 801 onerariis
1056 741 1208 820 protectus

127 824 340 904 aCarthagine
363 825 432 886 satis
454 842 615 904 prosperos
637 832 745 885 uentos
767 824 802 885 ad
819 823 1013 886 traiciendum
1029 825 1059 885 in
1079 825 1207 887 Siciliam

128 910 250 983 hahuit;
272 911 324 972 sed
346 909 424 970 idem
448 910 531 970 uenti
553 926 695 990 superare
717 926 784 970 eum
807 908 978 990 Pachynum
1000 909 1206 990 prohibebant.

129 994 305 1057 Bomilcaris
326 994 472 1056 aduentus
487 995 563 1055 lama
582 994 690 1075 primo,
712 994 780 1055 dein
796 1003 916 1072 praeter
937 1013 1021 1074 spem
1044 1012 1207 1057 meracum
1229 1006 1245 1057 5

71 1090 104 1142 10
125 1081 269 1162 gaudium
289 1088 320 1141 et
332 1089 445 1141 metum
461 1079 492 1140 in
508 1080 606 1140 uicem
621 1079 763 1140 Romanis
779 1080 1030 1159 Syracusanisque
1052 1079 1205 1161 praebuis-

126 1175 183 1241 set,
206 1165 353 1246 Epicydes
374 1172 527 1239 metuens,
550 1183 605 1239 ne,
626 1164 652 1225 si
673 1173 835 1245 pergerent
856 1164 942 1238 idem,
966 1166 1015 1244 qui
1038 1174 1102 1226 tum
1125 1174 1207 1227 tene·
1229 1177 1244 1227 o

127 1251 209 1325 hant,
232 1250 269 1311 ah
291 1259 360 1311 ortu
382 1250 452 1312 solis
474 1250 545 1310 llare
567 1267 622 1328 per
643 1248 706 1311 dies
728 1249 828 1328 plures
849 1250 947 1324 uenti,
972 1250 1073 1311 classis
1094 1251 1206 1312 Punica

126 1337 258 1397 Africam
281 1344 445 1415 repeteret,
467 1334 572 1396 tradita
594 1334 761 1395 Achradina
783 1336 1057 1396 mercennariorum
1081 1336 1207 1396 militum
1230 1348 1244 1397 1

126 1420 256 1484 ducibus
279 1422 315 1481 ad
337 1420 531 1481 Bomilcarem
554 1420 682 1500 nauigat.
727 1418 849 1481 classem
870 1420 901 1481 in
924 1421 1051 1481 statione
1073 1439 1159 1482 uersa
1175 1422 1205 1482 in
1228 1432 1243 1482 8

70 1516 104 1568 15
126 1507 256 1568 Africam
271 1504 431 1567 habentem
445 1504 660 1584 timentemque
675 1504 780 1566 nauale
795 1505 950 1583 proelium,
973 1524 1034 1566 non
1050 1516 1109 1566 tam
1126 1507 1205 1584 quod

126 1593 226 1672 impar
240 1591 355 1653 1111111111
376 1598 427 1651 aut
442 1608 567 1652 numero
583 1590 703 1651 nauium
720 1598 853 1650 esset-
876 1590 987 1670 quippe
1002 1591 1089 1652 etiam
1105 1591 1206 1669 plures

126 1676 257 1738 habehat
278 1710 336 1750 —,
366 1694 453 1755 quam
476 1674 555 1754 quod
577 1674 662 1736 uenti
689 1674 818 1754 aptiores
840 1674 989 1737 Romanae
1018 1694 1106 1755 quam
1134 1694 1205 1737 suae

126 1762 215 1824 classi
237 1762 357 1835 darent,
380 1760 511 1841 perpulit
531 1767 648 1834 tamen,
673 1768 708 1819 ut
729 1761 878 1820 lortunam
901 1760 1014 1822 naualis
1036 1762 1205 1823 certaminis

126 1846 257 1928 experiri
285 1845 382 1908 uellet.
427 1854 456 1906 et
477 1845 650 1915 Marcellus,
678 1862 749 1905 cum
771 1852 801 1905 et
822 1845 956 1906 Siculum
984 1847 1146 1907 exercitum
1170 1857 1242 1908 exa

70 1944 103 1994 att
126 1942 188 1994 tota
211 1932 307 1994 insula
330 1931 443 1992 conciri
469 1929 587 1991 uideret
608 1940 638 1991 et
659 1947 728 1990 cum
749 1929 864 2009 ingenti
893 1940 1058 1992 commeatu
1080 1932 1204 1993 classem

126 2016 271 2079 Punicam
293 2016 462 2089 aduentare,
485 2034 524 2077 na
539 2015 627 2077 simul
648 2023 726 2075 terra
748 2016 881 2094 marique
903 2016 1037 2077 inclusus
1059 2016 1203 2077 111111111-

125 2103 215 2166 stium
237 2109 405 2182 urgeretur,
430 2118 607 2182 quamquam
629 2100 724 2181 impar
745 2118 871 2162 numero
894 2101 1015 2163 nauium
1039 2110 1110 2176 erat,
1132 2120 1203 2182 pro·

125 2189 232 2251 hihere
253 2188 334 2250 aditu
349 2187 562 2269 Syracusarum
584 2186 778 2247 Bomilcarem
801 2187 963 2248 constituit.
1000 2187 1075 2248 duae
1098 2187 1205 2250 classes
1227 2197 1256 2248 to

126 2275 252 2337 infestae
281 2272 359 2334 circa
388 2271 631 2353 promunturium
661 2271 833 2352 Pachynum
862 2270 994 2345 stabant,
1028 2271 1079 2332 uhi
1107 2273 1203 2351 prima

71 2371 102 2421 15
125 2359 324 2439 tranquillitas
353 2358 441 2419 maris
468 2359 500 2419 in
530 2357 620 2417 altum
651 2357 814 2431 euenisset,
845 2374 1053 2418 concursurae.
1105 2358 1203 2436 itaque
1227 2366 1254 2418 tt

125 2445 251 2506 cadente
274 2444 331 2504 iam
355 2442 451 2515 Euro,
480 2443 531 2521 qni
554 2459 608 2522 per
629 2440 693 2503 dies
715 2441 827 2520 aliquot
853 2443 1011 2516 saeuierat,
1040 2441 1123 2521 prior
1145 2442 1202 2502 Bo-

126 2530 230 2590 milcar
252 2528 356 2589 mouit.
401 2528 485 2589 ouius
508 2527 605 2607 primo
628 2527 728 2588 classis
750 2534 852 2606 petere
875 2527 965 2588 altum
981 2527 1043 2588 uisa
1066 2535 1119 2601 est,
1142 2546 1202 2606 quo

125 2614 240 2676 facilius
267 2622 422 2692 superaret
449 2612 708 2692 promunturium
738 2619 870 2673 ceterum
899 2621 1056 2692 postquam
1083 2612 1204 2674 tendere
1228 2622 1256 2674 12

125 2699 161 2760 ad
182 2717 215 2762 se
237 2699 386 2760 Romanas
413 2716 506 2759 naues
535 2697 623 2772 uidit,
653 2697 801 2759 incertum
824 2714 881 2778 qua
904 2698 1000 2758 subita
1027 2698 1147 2759 territus
1170 2715 1202 2758 ra

71 2795 103 2846 tt)
123 2784 273 2846 Bomilcar
294 2783 359 2844 uela
374 2783 405 2844 in
420 2784 512 2844 altum
527 2783 616 2856 dedit,
638 2782 796 2861 missisque
818 2783 931 2844 nuntiis
946 2782 1127 2855 Heracleam,
1150 2783 1201 2862 qui

126 2870 278 2932 onerarias
300 2876 381 2929 retro
403 2869 529 2929 Africam
551 2875 687 2948 repetere
710 2867 857 2941 inherent,
880 2868 943 2946 ipse
966 2868 1093 2929 Siciliam
1116 2886 1202 2947 prae-

125 2963 278 3017 teruectus
296 2953 458 3015 Tarentum
480 2953 562 3034 petit.
601 2952 746 3032 Epicydes
761 2970 777 3012 a
795 2960 877 3013 tanta
899 2962 1023 3032 repente
1045 2953 1203 3015 destitutus
1226 2964 1253 3014 ta

125 3059 194 3122 spe,
223 3059 264 3102 nc
285 3039 317 3101 in
341 3038 526 3101 ohsidionem
547 3056 654 3117 magna
677 3045 819 3117 exparte
848 3047 950 3116 captae
978 3037 1060 3100 urhis
1082 3039 1200 3112 rediret,

124 3125 321 3206 Agrigentum
352 3125 486 3205 nauigat,
514 3132 723 3204 expectaturus
746 3122 837 3200 magis
859 3129 1001 3183 euentum
1024 3139 1111 3200 quam
1134 3123 1202 3184 inde

70 3221 102 3272 15
123 3213 285 3292 quicquam
307 3218 451 3272 moturus.

211 3407 362 3463 honeratis
379 3407 502 3475 proiectis
520 3409 570 3476 ΡΙΙ
592 3412 607 3460 Ἰ
626 3421 763 3475 prosperos
782 3425 817 3460 erc
834 3422 957 3475 properos
976 3407 1008 3457 Ρι
1030 3406 1040 3473 ΙΙ
1061 3413 1154 3460 uentos
1170 3410 1203 3461 Ρι

124 3487 233 3532 eneotos
251 3475 294 3542 1³²,
311 3475 358 3527 sod
375 3492 429 3528 ros.
448 3477 517 3528 illud
532 3480 618 3530 restit
631 3477 641 3543 Ι
652 3477 734 3529 sicilia
753 3475 824 3544 Pla
842 3475 953 3529 aduentu
971 3475 1007 3542 ΡΙ
1026 3490 1096 3528 mora
1115 3481 1203 3542 eumq

123 3561 220 3600 noram
238 3560 298 3597 eum
317 3543 364 3610 Pl
383 3546 415 3597 to
433 3545 655 3613 syracnsalnisqoe
673 3563 708 3596 ea·
726 3543 964 3614 syracusaslnisque
1063 3547 1094 3597 15
1112 3545 1202 3596 timen-

124 3621 228 3683 temque
246 3611 378 3664 lh'emono
413 3627 489 3679 quem
507 3614 639 3665 timentem
656 3613 690 3664 P¹
724 3614 835 3680 adquam
859 3615 990 3666 timentem
1076 3619 1153 3680 atque
1172 3613 1202 3665 ti·

123 3691 236 3736 oientero
254 3685 274 3746 ς
290 3681 301 3748 ΙΙ
319 3682 412 3733 22111
430 3680 478 3746 ΡΙ
495 3682 527 3732 23
546 3694 758 3747 syracusanorum
776 3684 800 3733 P
815 3681 825 3750 l
842 3685 874 3734 26
892 3680 997 3749 aliquod
1015 3680 1055 3748 Pl
1070 3683 1101 3733 tt
1121 3682 1202 3747 primo

124 3752 219 3803 enter
244 3749 326 3817 prima
345 3747 432 3868 del
450 3752 517 3800 retro
535 3753 554 3813 ς
581 3753 647 3800 retro
665 3749 728 3800 inP
749 3753 818 3802 retro
836 3749 895 3802 inde
908 3751 1050 3802 Boettcher
1061 3750 1070 3818 ΙΙ
1085 3751 1118 3801 33
1136 3750 1201 3813 111ς,

123 3821 217 3873 ome
239 3819 306 3869 lutra
326 3817 357 3868 ll.
386 3815 728 3884 .Muellorflohsldionel’

997 3901 1049 3953 ta*
