2734 4250
194 111 233 168 12
591 109 684 163 LIBER
702 109 767 177 ΧΧΙ,
787 113 871 163 1213
1134 124 1271 167 auom

156 296 171 344 o
193 283 377 345 uestimentis
392 282 432 344 ibi
448 282 624 354 habitarent,
646 281 697 343 ubi
714 281 833 343 Poenus
847 282 988 344 iussisset.
1025 281 1078 342 bas
1092 281 1175 360 pacis
1188 280 1271 358 leges

100 359 106 370 ’
195 369 345 430 abnuente
360 368 472 429 Alcone
491 377 665 447 aeoepturos
681 367 871 446 Saguntinos,
894 367 1026 438 Alorcus,
1047 365 1130 428 uinoi
1144 364 1270 434 animos,

169 452 246 514 .ubi
269 453 323 514 alia
345 454 514 526 uincantur,
536 454 711 524 adfirmans,
740 470 772 512 se
794 453 875 530 pacis
897 452 960 514 eius
981 452 1175 530 interpretem
1205 451 1270 510 iore

193 538 365 619 pollicetur3
389 546 452 599 erat
473 548 570 600 autem
593 547 655 599 tum
679 536 763 598 miles
783 536 972 607 Hannibalis,
996 545 1128 596 eetemm
1149 535 1270 615 publice

156 637 171 685 't
194 623 366 701 Saguntinis
381 623 494 685 amiens
516 633 603 701 atque
621 623 739 701 hospes.
776 623 883 683 tradito
898 622 994 702 palam
1015 620 1075 681 telo
1097 619 1272 682 custodibus
1292 627 1308 676 5

193 709 322 770 hostium
346 718 548 787 transgressus
569 708 755 768 munimenta
778 709 812 768 ad
831 717 998 788 praetorem
1014 706 1213 784 Saguntinum
1228 739 1272 750 -

156 804 171 855 8
193 803 222 855 et
244 794 306 872 ipse
329 793 367 853 ita
390 791 573 854 iubebat-
596 801 641 854 est
661 792 814 854 deductus.
859 811 918 872 quo
941 809 1009 852 eum
1024 790 1173 870 extemplo
1196 808 1272 851 oon·

193 897 298 940 cursus
320 879 417 939 omnis
438 878 556 956 generis
577 877 733 938 bominum
761 886 839 939 esset
866 879 974 949 laetus,
1003 885 1149 938 summota
1173 883 1272 936 cetera

192 963 380 1025 multitudine
403 972 524 1024 senatus
545 963 652 1023 Alorco
681 963 766 1024 datus
792 972 853 1036 est,
882 962 967 1023 cuius
988 961 1054 1022 talis
1082 961 1177 1022 oratio
1201 960 1271 1020 luit:

142 1053 178 1110 18
192 1043 237 1110 ‘Si
260 1048 334 1109 einis
356 1059 455 1110 uester
470 1047 550 1120 dieo,
572 1047 650 1108 sieut
671 1048 706 1108 ad
728 1066 830 1127 paoem
850 1047 1009 1126 petendam
1024 1045 1060 1106 ad
1075 1045 1273 1107 Hannibalem
1294 1051 1322 1101 td

193 1133 286 1207 uenit,
315 1133 356 1193 ita
378 1133 459 1212 paeis
482 1133 673 1194 condiciones
695 1132 731 1193 ab
755 1132 920 1195 Hannibale
950 1132 986 1192 ad
1015 1150 1071 1192 uos
1099 1131 1273 1205 rettulisset,
1360 1166 1361 1195 ;

193 1237 450 1298 superuacaneum
472 1218 529 1279 hoe
544 1218 614 1278 mihi
636 1219 740 1280 luisset
754 1219 820 1290 iter,
835 1236 895 1296 quo
910 1236 966 1278 neo
981 1225 1082 1277 omtor
1097 1214 1274 1277 Hannibalis
1360 1252 1361 1283 ι

157 1314 249 1365 tneo
271 1305 424 1385 translnga
446 1304 481 1364 ad
512 1323 566 1364 uos
594 1303 679 1379 ueni;
709 1303 761 1364 sed
790 1321 857 1364 oum
880 1303 929 1363 ille
951 1311 1003 1362 aot
1023 1310 1122 1363 uestra
1145 1311 1198 1361 aut
1219 1318 1273 1362 sua
1360 1320 1362 1379 q

193 1389 279 1468 eulpa
295 1391 436 1452 manserit
450 1390 528 1469 apud
543 1389 659 1450 hostem
674 1406 794 1461 -sua,
810 1390 834 1450 si
849 1396 960 1449 metum
978 1386 1138 1460 simulauit,
1160 1394 1272 1457 uestra,
1360 1386 1362 1432 t

193 1475 217 1535 si
233 1475 397 1553 perieulum
415 1483 459 1536 est
473 1475 551 1553 apud
568 1493 622 1536 uos
638 1491 707 1534 uera
724 1471 924 1535 referentibus
939 1506 990 1545 —‚
1008 1490 1074 1551 ego,
1097 1490 1137 1532 ne
1151 1472 1273 1551 ignom·
1295 1479 1321 1528 15

193 1561 263 1622 retis
285 1579 350 1622 esse
372 1559 483 1636 aliquas
512 1567 542 1618 et
569 1558 670 1619 salutis
700 1568 730 1618 et
757 1559 838 1636 pacis
864 1557 951 1620 uobis
978 1556 1186 1628 condiciones,
1216 1575 1272 1635 pro

156 1653 170 1703 3
192 1653 310 1704 uetusto
325 1643 465 1721 bospitio,
488 1642 567 1720 quod
583 1643 653 1703 mibi
671 1643 826 1704 nobiseum
842 1652 896 1714 est,
917 1642 954 1702 ad
977 1660 1031 1702 uos
1052 1642 1141 1702 ueni.¹
1171 1652 1272 1703 uestra

195 1736 291 1788 autem
308 1744 396 1788 eausa
411 1744 458 1786 me
475 1743 530 1786 neo
547 1727 634 1788 ullius
649 1727 768 1787 alterius
783 1727 874 1804 loqui,
896 1727 1095 1805 quae'loquor
1109 1726 1189 1806 apud
1205 1745 1272 1798 uos,

193 1811 241 1873 uel
257 1829 290 1871 ea
306 1812 379 1873 lidos
393 1811 439 1884 sit,
463 1811 541 1890 quod
558 1811 739 1890 nequedum
755 1813 863 1873 uestris
878 1812 994 1874 uiribus
1011 1811 1158 1882 restitistis
1173 1830 1272 1892 neque

194 1896 263 1958 dum
286 1897 390 1958 auxilia
406 1896 443 1956 ab
459 1897 600 1958 Romanis
615 1897 755 1976 sperastis
770 1897 851 1976 pacis
866 1916 1006 1976 umquam
1022 1899 1098 1976 apud
1116 1915 1172 1958 uos
1185 1916 1273 1960 men·
1294 1904 1322 1953 m

156 1993 170 2041 t
192 1983 303 2043 tionem
319 1981 386 2042 leci.
423 1989 578 2061 postquam
595 2001 650 2042 neo
669 1981 707 2042 ab
723 1980 863 2044 Romanis
885 1983 971 2044 uobis
994 1983 1051 2044 ulla
1066 1991 1111 2044 est
1131 2001 1200 2062 spes
1215 2001 1275 2044 neo

193 2077 290 2129 uestra
314 2084 369 2127 uos
391 2066 449 2128 iarn
472 2076 522 2128 aut
542 2084 622 2128 arma
645 2077 698 2129 aut
717 2068 834 2129 moenia
863 2068 934 2131 satis
959 2067 1138 2141 defendunt,
1166 2086 1273 2148 paoem

155 2162 171 2211 5
192 2152 293 2213 adiero
309 2153 343 2213 ad
360 2171 415 2215 uos
429 2153 523 2233 magis
538 2154 734 2215 neeessariam
750 2172 837 2233 qoam
856 2172 989 2233 aequam.
1019 2154 1104 2214 ouius
1118 2156 1158 2215 ita
1172 2154 1273 2233 aliqua

107 2278 108 2281 κ
193 2255 261 2316 spes
283 2248 337 2309 est,
360 2238 384 2300 si
408 2257 481 2312 eam,
504 2256 592 2317 quem
616 2239 786 2300 admodum
809 2247 843 2300 ut
857 2239 955 2300 uietor
976 2239 1034 2299 lert
1049 2237 1207 2311 Hannibal,
1228 2240 1273 2299 sio

194 2341 248 2384 uos
269 2332 303 2384 ut
325 2323 396 2385 uicti
419 2324 542 2385 audietis
558 2334 588 2385 et
605 2342 666 2386 non
685 2325 725 2397 id,
747 2326 825 2403 quod
842 2325 994 2398 amittitur,
1016 2323 1046 2383 in
1062 2323 1180 2396 damno,
1204 2342 1274 2385 oum
1294 2330 1323 2380 ²5

193 2408 291 2469 omnia
307 2409 431 2470 uictoris
445 2410 515 2479 sint,
530 2410 591 2481 sed,
607 2409 751 2489 quidquid
766 2410 952 2489 relinquitur,
976 2427 1173 2488 promouere
1188 2408 1272 2470 babi-

155 2502 170 2551 a
191 2494 250 2554 turi
266 2494 347 2555 estis.
385 2493 491 2555 urbem
506 2493 602 2565 uobis,
622 2513 709 2573 quam
726 2513 762 2555 ex
777 2513 882 2575 magna
898 2504 981 2574 parte
996 2494 1143 2574 dirutam„
1156 2505 1273 2575 captam

193 2580 254 2640 lere
277 2587 367 2639 totam
391 2578 489 2649 habet,
512 2578 621 2651 adimit,
644 2598 732 2658 agros
754 2579 911 2659 relinquit,
934 2580 1032 2640 loenm
1054 2580 1273 2659 adsignatums,

193 2664 223 2724 in
247 2682 307 2741 quo
331 2680 443 2723 nouum
467 2663 607 2741 oppidum
623 2664 791 2725 aedificetis.
828 2682 931 2725 aurum
950 2673 980 2726 et
1001 2673 1159 2743 argentum
1183 2684 1272 2726 omne
1360 2665 1362 2764 l

155 2747 342 2827 rpublieum
372 2747 580 2826 priuatamque
610 2748 645 2808 ad
676 2767 708 2809 se
741 2748 824 2809 iubet
851 2750 974 2824 delerri;
1008 2768 1134 2829 corpora
1165 2760 1273 2822 uestra,
1293 2758 1322 2808 aa
1360 2767 1362 2835 l

193 2832 353 2909 coniugum
377 2850 412 2892 ao
434 2831 595 2893 liberorum
620 2843 787 2894 uestrorum
802 2835 1073 2908 seruatinuiolata,
1096 2835 1120 2897 si
1142 2835 1274 2897 inermes
1360 2843 1362 2912 l

156 2926 171 2977 8
194 2934 261 2977 eum
284 2916 364 2977 binis
385 2917 571 2979 uestimentis
600 2918 697 2979 uelitis
725 2917 762 2979 ab
786 2918 919 2998 Sagunto
947 2921 1037 2981 exire.
1081 2919 1154 2980 haee
1176 2921 1275 2982 uictor
1360 2914 1362 2974 l

191 3000 285 3062 bostis
307 3002 446 3079 imperat;
469 3001 551 3073 baeo,
575 3020 752 3082 quamquam
768 3014 839 3065 sunt
853 3004 955 3082 grauia
969 3013 1058 3083 atque
1073 3004 1188 3077 acerbo,
1211 3006 1273 3065 ior·
1360 3009 1361 3048 ἐ

192 3096 264 3147 tuna
284 3096 382 3147 uestra
399 3086 484 3147 uobis
493 3088 611 3149 suadet.
651 3089 787 3166 equidem
801 3088 880 3149 haud
895 3089 1030 3169 despero,
1054 3108 1121 3152 oum
1138 3091 1272 3151 omnium

279 3242 291 3289 1
311 3237 415 3289 iussiset
432 3235 480 3299 Μ’,
500 3252 569 3289 eorr.
592 3237 680 3304 M³l3
700 3238 748 3290 alia
763 3238 815 3290 CM
827 3254 897 3291 arma
911 3242 980 3291 coni.
999 3239 1080 3291 Gron.
1106 3240 1157 3291 tela
1176 3240 1274 3291 Luter-

192 3306 291 3356 barber
308 3305 350 3356 ilio
365 3306 391 3357 C.
404 3306 522 3356 Ilerdam
534 3304 544 3372 Ι
557 3308 571 3357 t
586 3305 723 3372 pollicetur
736 3307 795 3358 ctt¹
814 3305 948 3374 profitetur
960 3307 1003 3359 lll²
1012 3311 1042 3358 in
1053 3308 1273 3376 murg.lpubliee
1360 3311 1362 3360 l

192 3372 224 3423 Μ
237 3377 264 3422 et
281 3376 310 3422 in
328 3389 381 3425 rar.
395 3372 427 3425 0²
439 3373 477 3441 l9
495 3372 574 3425 alorci
589 3373 656 3437 0¹M,
675 3391 747 3425 corr.
765 3374 820 3442 0³1
835 3378 862 3427 ll
883 3375 1048 3428 condiciones
1061 3375 1093 3428 0³
1110 3376 1271 3429 condicionis
1360 3383 1361 3398 ¹

193 3440 257 3492 C¹M
265 3440 275 3507 ΙΙ
287 3440 418 3493 retulisset
431 3441 483 3495 ct!
490 3440 499 3509 ΙΙ
515 3444 546 3494 13
558 3442 617 3495 ueni
631 3441 676 3494 red
689 3443 800 3508 iladvig
812 3440 1002 3496 ueniserm'Cdl
1017 3444 1155 3496 uenissem.
1187 3445 1272 3513 nnnc>
1360 3479 1361 3510 3

193 3506 1151 3576 11)ι>ιιὶ[[1ι“ιι,·σ1’,ιιι121,43,61114ιιιι(,’,ιίιιιι15οε1815ιιι01
1194 3529 1271 3575 ,oue
1360 3569 1361 3578 ,

193 3576 431 3643 C'llsslsimulauit
450 3577 504 3641 citt,
522 3579 570 3629 sed
587 3580 660 3630 uita
729 3582 897 3646 tornatili
916 3594 964 3644 eqo
984 3578 1190 3647 CerqoMlne
1209 3581 1271 3633 Cet
1360 3583 1361 3634 ]

191 3660 245 3696 rae,
263 3660 297 3694 eu
315 3660 363 3696 neo
381 3645 411 3697 M
420 3646 430 3711 ΙΙ
445 3648 476 3698 16
499 3645 601 3712 aliqum
619 3651 646 3698 et
663 3647 755 3700 salutis
774 3647 834 3699 cti*
861 3652 888 3698 et
905 3648 996 3700 salutis
1017 3648 1117 3714 aliquas
1134 3648 1175 3699 Μ*
1188 3647 1199 3716 Ι
1210 3664 1271 3701 mn-
1360 3675 1361 3682 ι

191 3711 306 3763 ditiones
320 3711 382 3763 (ΡΜ
398 3713 555 3767 condicionis
566 3714 598 3766 0¹
608 3712 618 3780 Ι
628 3717 660 3768 25
673 3714 783 3767 audietis
794 3714 874 3767 Gron.
893 3715 1004 3767 audiatis
1014 3715 1114 3784 culpet
1125 3714 1270 3770 trustem.
1360 3729 1361 3734 ’

192 3786 219 3831 et
238 3780 257 3831 si
277 3784 296 3843 ς
313 3780 358 3831 sed
379 3780 429 3831 ct!
437 3781 446 3847 ΙΙ
460 3782 613 3833 ammittitur
632 3782 720 3847 61126
739 3782 860 3849 quiequid
878 3783 929 3849 ΜΙ
942 3786 972 3836 at
995 3798 1141 3850 eongngnm
1161 3785 1182 3836 C
