2734 4250
105 138 127 172 ι
142 125 196 169 cm.
210 127 250 170 sto
488 107 582 161 nunu
599 107 688 174 xxm,
706 112 747 162 50.
766 112 798 164 ot
1139 103 1181 165 59

102 281 298 361 audiremque
319 280 373 343 tibi
395 298 460 343 eam
481 281 565 343 cordi
587 298 662 355 esse,
684 290 714 343 et
736 281 832 343 forme
853 282 964 342 fuceret
988 280 1090 355 fidem,
1114 279 1182 360 quie
1204 290 1220 340 o

102 368 185 448 ipse,
208 366 233 427 si
255 366 314 429 frui
335 366 438 427 liceret
459 366 529 428 ludo
552 366 671 440 aetatu,
700 364 873 446 praesertim
896 366 927 427 in
950 374 1032 427 recto
1056 373 1086 426 et
1108 363 1181 445 legi·

101 454 177 515 timo
199 469 315 522 amore,
336 461 368 513 et
388 470 451 512 non
473 451 661 531 respublica
682 451 814 513 animum
837 459 974 513 nostrum
997 460 1180 531 occupasset,

102 537 225 600 nenium
253 536 324 598 mihi
339 536 416 598 ,dari
447 554 589 616 sponsam
620 536 783 616 impensius
814 534 923 597 amenti
958 535 1085 609 uellem,
1117 545 1178 609 tuo,

62 634 80 684 5
102 623 189 685 cirins
211 640 349 703 possum,
374 622 469 683 amori
490 622 586 684 iaueo.
630 622 685 683 init
707 640 816 703 sponsa
837 630 886 682 tna
909 621 987 700 apud
1009 639 1057 682 me
1080 621 1181 683 eedem
1203 634 1218 683 o

103 726 163 787 qua
192 706 270 787 apud
290 724 411 769 soceros
433 716 502 769 tuos
521 706 715 787 parentisque
743 725 813 769 snos
839 706 1035 782 uerecundie3
1064 715 1180 769 seruma

104 793 159 855 tibi
181 800 243 865 est,
271 800 305 853 ut
325 791 501 855 inuiolatum
522 801 552 857 ct
572 792 696 871 dignum
717 809 765 853 me
787 800 877 871 teque
899 790 962 852 dari
987 790 1042 853 tibi
1068 790 1180 853 donum

102 886 217 958 posset
253 877 332 939 hanc
345 877 514 939 mercedem
528 895 620 939 unam
636 895 693 956 pro
708 895 744 938 eo
759 893 885 938 munere
899 876 1050 956 paciscor:
1071 876 1182 939 amicus
1203 888 1218 938 1

102 963 218 1044 populo
231 962 367 1024 Romano
381 962 422 1024 eis
436 971 476 1036 et,
498 961 524 1024 si
543 980 592 1024 me
614 962 714 1024 uinum
735 960 849 1023 honum
871 960 967 1023 credis
989 980 1063 1035 csse,
1087 962 1182 1041 qualis

8 1033 9 1080 ¹
48 1060 81 1111 to
103 1058 218 1129 patrem
241 1056 439 1128 patruumque
461 1065 560 1109 meum
585 1047 643 1108 ium
665 1056 736 1109 ante
758 1047 813 1108 hoe
835 1056 940 1125 gentes
962 1057 1082 1121 norant,
1105 1048 1181 1109 scias

104 1132 215 1195 multos
235 1132 332 1195 nostri
358 1132 470 1195 similes
496 1131 527 1194 in
551 1132 671 1195 ciuitate
692 1131 827 1193 Romana
849 1150 924 1207 esee,
953 1131 1124 1193 peculium
1147 1132 1217 1194 ine

103 1218 192 1280 terris
219 1217 308 1279 hodie
335 1218 480 1299 populum
513 1217 570 1279 dici
599 1236 703 1297 posse,
736 1233 826 1295 quem
854 1217 953 1280 minus
986 1215 1040 1277 tibi
1066 1216 1181 1279 hostem

102 1303 223 1382 tuisqm
244 1321 310 1365 esee
333 1302 407 1365 neiis
427 1313 479 1364 eut
499 1302 628 1364 amicum
649 1296 753 1365 maiis?
798 1319 865 1363 cnm
892 1300 1067 1363 adulescens
1095 1301 1183 1363 simul
1204 1310 1219 1361 9

102 1389 218 1469 pudore
247 1397 278 1449 et
304 1387 411 1468 gaudio
437 1388 592 1469 perinsus,
621 1388 753 1449 dextram
782 1386 930 1467 Scipionis
959 1394 1082 1461 tenens,
1110 1387 1182 1449 deos

53 1483 81 1534 to
104 1474 203 1536 omnis
223 1473 380 1535 inuocurct
400 1473 437 1534 ad
459 1473 581 1553 gratiam
603 1472 646 1535 illi
668 1489 723 1553 pro
746 1492 778 1535 se
806 1472 1011 1546 referendam,
1039 1472 1180 1553 qnoniam

104 1559 161 1622 eibi
183 1576 372 1638 nequaqnam
394 1558 464 1620 satis
485 1557 633 1620 facultatis
654 1576 709 1639 pro
725 1574 780 1619 sno
796 1558 896 1619 animo
916 1566 1004 1635 etque
1019 1556 1098 1619 illius
1113 1575 1180 1638 erga

104 1663 137 1707 se
158 1643 267 1706 merito
288 1654 381 1718 esset,
410 1651 553 1723 parentes
579 1642 649 1705 inde
676 1642 855 1723 cognatique
881 1642 1006 1721 uirginis
1028 1642 1181 1723 appeliati;
1206 1653 1233 1703 to

104 1729 173 1809 qui,
196 1727 337 1807 quoniam
357 1728 447 1809 gratis
468 1728 525 1791 eibi
547 1728 723 1791 redderetur
743 1728 839 1807 ungo,
866 1728 902 1789 ad
923 1746 1011 1807 quem
1032 1728 1180 1791 redimen-

104 1815 172 1877 dam
194 1812 265 1876 satie
286 1832 427 1894 magnum
451 1813 618 1876 attulissent
640 1814 704 1875 auri
731 1813 865 1893 pondus,
893 1830 980 1875 orare
1002 1812 1181 1895 Scipionem,
1205 1822 1232 1873 11

53 1910 84 1961 to
104 1912 139 1962 ut
159 1900 188 1961 id
211 1898 248 1960 ab
270 1917 303 1961 se
323 1900 437 1961 donum
458 1899 620 1978 acciperet,
642 1908 823 1979 coeperunt,
847 1897 926 1960 haud
948 1898 1096 1961 minorem
1119 1899 1182 1962 eius

104 1985 149 2046 rei
171 1983 249 2063 apud
271 2002 304 2046 ec
328 1983 453 2064 gratiam
478 1984 609 2045 futuram
630 2001 696 2047 esse
717 1982 908 2047 adfirmantes
936 2001 1024 2062 quam
1050 1984 1181 2046 redditae

105 2068 267 2132 inuiolatae
288 2069 366 2132 toret
387 2068 522 2149 uirginis
566 2069 677 2150 Scipio,
695 2068 815 2149 quando
831 2078 913 2132 tento
928 2087 1020 2149 opere
1035 2078 1183 2150 peterent,
1206 2078 1234 2131 12

105 2164 297 2235 accepturum
319 2174 352 2217 ee
373 2154 531 2236 pollicitus,
554 2154 627 2235 poni
647 2163 717 2216 ante
740 2153 831 2234 pedes
851 2154 937 2216 iussit
958 2163 1124 2234 uocatoque
1146 2156 1181 2216 ad

106 2259 138 2304 se
161 2240 276 2302 dilucio
295 2232 401 2320 ‘snper
429 2234 553 2314 dotem‚’
584 2240 682 2320 inquit
706 2232 809 2319 ‘quam
838 2249 1015 2319 accepturus
1040 2258 1056 2301 a
1078 2258 1182 2302 socero

55 2335 84 2386 25
104 2345 152 2400 es,
181 2326 255 2386 hoec
282 2323 337 2386 tihi
363 2344 380 2386 a
403 2343 450 2386 me
478 2325 586 2387 domiin
607 2326 684 2388 done
712 2318 867 2388 accedent'
891 2341 1056 2404 aurumque
1078 2325 1181 2387 toliere

104 2429 140 2473 ac
161 2409 217 2473 sibi
239 2409 349 2472 hebere
370 2409 465 2472 iussit
509 2410 555 2472 his
576 2411 670 2473 laetus
692 2409 778 2472 donis
800 2407 1024 2488 honoribusque
1047 2409 1184 2472 dimissus
1206 2421 1234 2474 11

8 2498 9 2551 i
105 2496 227 2558 domum
248 2495 383 2575 impleuit
403 2494 556 2575 popularis
576 2495 714 2558 laudibus
736 2494 849 2557 meritis
872 2494 1035 2574 Scipionis:
1064 2494 1182 2558 uenisse

8 2570 9 2651 ζ
105 2582 151 2644 dis
177 2579 357 2643 simillimum
385 2580 543 2654 iuuenem,
576 2579 748 2642 uincentem
778 2579 877 2642 omnia
907 2595 975 2642 eum
1003 2579 1092 2662 armis
1119 2590 1182 2641 tum

8 2674 9 2679 ’
105 2665 289 2746 benignitate
308 2684 344 2727 ac
357 2664 520 2728 beneflciis.
563 2665 663 2746 itaque
684 2665 795 2728 dilectu
817 2665 970 2728 clientium
991 2664 1093 2728 habito
1114 2683 1181 2728 cum
1207 2678 1235 2730 tt

56 2761 85 2812 eo
105 2751 227 2813 deiectis
254 2750 334 2812 milio
355 2760 387 2812 et
407 2750 633 2831 quadringentis
655 2749 805 2830 equitibus
831 2750 909 2813 intre
930 2767 1042 2830 paucos
1063 2749 1126 2814 dies
1147 2753 1181 2812 ad

104 2836 276 2915 Scipionem
298 2836 432 2898 reuertit.

201 2919 300 3001 Scipio
315 2930 466 2982 retentum
482 2937 583 2984 seeum
597 2919 739 2994 Laelium,
761 2919 831 2982 dum
850 2920 983 3000 captiuos
1005 2920 1183 3000 opsidesque
1198 2927 1234 2984 51

106 3017 137 3069 et
165 3006 305 3086 praedem
332 3023 369 3066 ex
397 3005 522 3067 consilio
543 3005 607 3068 cius
628 3004 815 3085 disponeret,
844 3004 914 3067 satis
941 3006 1079 3068 omnibns
1101 3013 1221 3068 com-2

106 3090 220 3172 positis,
242 3091 308 3152 data
323 3091 531 3170 quinqueremi
546 3089 704 3171 eceptiuis
718 3098 807 3169 atque
822 3089 948 3170 Magone
964 3099 993 3152 et
1014 3091 1184 3170 quindecim

174 3331 191 3381 2
209 3327 333 3396 praeuerti
352 3325 393 3389 ΡΙ
406 3325 432 3379 in
451 3331 522 3379 recto
539 3327 594 3390 (uei
609 3327 690 3391 recto)
709 3327 747 3377 ΣΙ
764 3325 790 3378 tn
809 3325 879 3378 lecto
897 3330 924 3378 et
941 3325 1009 3378 lecto
1027 3325 1099 3392 Pqu
1117 3325 1183 3378 daris

107 3395 162 3466 ΡΙ
176 3400 193 3450 o
210 3409 316 3461 possum
335 3394 407 3447 P¹>J¹
423 3408 517 3462 spoeso
534 3395 590 3463 ΡἸ
603 3396 620 3446 d
631 3409 709 3462 quam
721 3394 763 3462 ΡΙ]
779 3395 809 3448 10
821 3392 956 3462 patriique
968 3393 1011 3461 ΡΙ
1025 3394 1056 3447 13
1069 3408 1126 3446 enm
1138 3394 1184 3454 ΣΙ,

108 3479 158 3516 our.
177 3463 256 3530 ΡςΙ
271 3464 303 3516 14
320 3462 439 3531 perinsus
458 3463 495 3514 ΣΙ
519 3477 640 3531 persueue
657 3463 690 3514 Ρ·
714 3476 838 3530 percusos
856 3462 890 3514 Ρ
902 3463 912 3529 Ι
925 3465 956 3515 to
978 3461 1110 3515 inuocaret
1127 3461 1184 3513 ΡΣ*

108 3533 230 3650 111110οὲἷο
249 3529 290 3650 ΙςΙ
302 3530 414 3650 iffi?
432 3531 459 3651 1}
463 3530 519 3651 {hii
529 3531 629 3652 ⁰tpici'rito
641 3531 792 3650 25quth
800 3529 811 3596 ΙΙ
823 3529 1041 3651 21ὴωοῗοηιὲτὶέ
1053 3530 1183 3599 112411111-

108 3615 178 3720 gros-r.
197 3599 460 3735 P¹⁸1¹iioediiectti²t²
475 3613 530 3734 {3¹31
549 3613 745 3719 affigeretur
764 3597 1185 3735 ssifl¹¹34¹¹sslanlumssp¹¹⁰empfflj

108 3735 221 3788 diueiier
240 3741 389 3802 premente
411 3734 594 3802 quinquereme
619 3749 633 3787 c
657 3733 795 3799 nauoque
814 3735 997 3804 quinquereme
1015 3735 1072 3787 ΡΣΙ
1084 3737 1094 3804 fl
1107 3741 1184 3804 ttque

109 3803 218 3872 Madvig
236 3819 287 3871 qne
304 3804 329 3855 P
342 3818 400 3857 cam
418 3804 455 3854 ΣΙ
466 3804 477 3872 Ι
490 3817 617 3871 mugnone
635 3803 676 3868 ΡΙ,
692 3817 761 3855 corr.
779 3800 814 3855 Ρ
