2734 4250
97 110 119 145 ι.
132 100 190 146 cnr.
202 102 240 145 art
480 86 574 141 LIBER
591 86 680 154 xxvi,
700 92 740 143 l'l.
758 92 791 143 18
1132 89 1170 149 21

98 260 195 321 lernae
215 257 367 339 pedestres
388 276 492 321 omnes
513 260 618 340 copiae
647 271 803 323 euaserant
825 280 841 322 e
868 260 959 337 saltu,
989 279 1057 323 cum
1078 262 1174 342 prima

98 346 167 408 luce
180 345 273 406 densa
288 342 395 406 nebula
409 344 515 407 saltum
531 364 651 407 omnem
663 364 843 427 camposque
854 347 932 408 cirea
946 346 1060 409 interit.
1094 347 1174 427 quod

100 431 151 492 ubi
172 430 267 492 sensit
281 428 454 502 Hasdrubal,
476 430 566 492 mittit
579 430 614 490 ad
629 431 789 505 Neronem,
814 432 865 510 qui
882 432 912 493 in
929 441 1081 513 posterum
1097 432 1173 494 diem

99 515 294 593 conloquium
316 514 462 576 differret:
485 514 568 577 illum
590 515 667 578 diem
691 517 860 595 religiosum
883 516 1175 597 Carthaginiensibus

64 615 78 663 5
98 601 134 663 ad
149 599 299 681 agendum
314 599 471 679 quicquam
485 599 531 661 rei
544 601 638 662 serias
652 620 727 663 esse.
764 621 803 663 ne
824 610 888 663 tum
903 600 1023 682 quidem
1037 610 1175 683 suspecta
1197 616 1226 667 1³

98 688 181 747 lraus
202 703 271 746 cum
293 693 379 757 esset,
401 685 467 747 data
489 686 575 747 uenia
598 686 662 747 eius
690 686 758 761 diei,
781 687 988 768 extemploque
1010 687 1175 750 Hasdrubal

99 790 168 833 cum
190 770 326 856 equitatu
347 770 569 851 elephantisque
591 771 695 833 castris
716 790 854 851 egressus
875 772 940 834 sinc
962 772 1023 834 ullo
1045 774 1174 835 tumultu

99 857 130 918 in
145 863 244 919 tutum
260 855 363 917 euasit.
398 855 472 916 liora
486 856 579 917 lerme
594 865 698 935 quarta
715 856 845 937 dispulsa
859 857 922 919 sole
937 858 1045 919 nebula
1060 858 1176 938 aperuit
1198 869 1226 920 14

99 942 195 1016 diem,
225 958 379 1018 uacuaque
406 940 536 1002 hostium
564 950 661 1002 castra
687 952 908 1022 conspexerunt
932 943 1069 1004 Romani.
1112 951 1176 1004 tum
1199 955 1226 1006 tn

53 1038 79 1089 tt
100 1028 221 1089 demum
233 1025 371 1087 Claudius
382 1024 524 1087 Punicam
537 1025 670 1088 fraudem
681 1027 877 1107 adgnoscens,
891 1037 924 1089 ut
933 1044 965 1089 se
976 1028 1044 1090 dolo
1056 1036 1175 1107 captum

100 1112 204 1185 sensit,
225 1110 464 1190 proticiscentem
486 1111 592 1173 institit
613 1112 698 1191 sequi
714 1121 833 1192 paratus
848 1112 1009 1191 confligere
1023 1113 1101 1189 acie3
1124 1113 1174 1175 sed
1198 1124 1226 1175 to

101 1197 194 1259 bostis
208 1194 391 1257 detrectabat
404 1213 550 1275 pugnam;
572 1196 648 1258 toria
663 1206 761 1259 tamen
778 1197 888 1277 proelia
910 1198 989 1259 inter
1011 1206 1175 1262 extremum

102 1282 249 1343 Punicum
272 1298 377 1361 agmen
401 1299 669 1360 praecursoresque
692 1282 894 1344 Romanorum
916 1281 1036 1344 debant.

186 1367 271 1428 lnter
285 1366 358 1427 hacc
371 1364 531 1446 Hispaniae
545 1367 649 1447 populi
671 1385 727 1429 nec
745 1367 796 1447 qui
810 1377 879 1448 post
894 1368 1005 1429 cladem
1027 1375 1175 1447 acceptam
1190 1372 1226 1429 18

57 1463 82 1513 tt
101 1452 272 1514 deiecerant
287 1450 425 1513 redibant
441 1451 478 1513 ad
493 1452 653 1526 Romanos,
677 1470 733 1513 nec
755 1452 808 1514 ulli
830 1452 901 1514 noui
924 1452 1109 1514 deficiebant.
1147 1462 1213 1515 ett

102 1538 214 1599 Romae
241 1536 356 1599 senatui
385 1536 557 1618 populoque
582 1546 650 1617 post
670 1547 820 1617 receptam
843 1538 971 1618 Capuam
994 1556 1054 1599 non
1078 1536 1177 1599 ltaliae

104 1622 158 1683 iam
181 1622 278 1683 maior
300 1639 388 1700 quam
403 1622 563 1702 Hispaniae
584 1640 656 1683 cura
677 1630 750 1683 erat
789 1632 819 1684 et
841 1622 1003 1685 exercitum
1025 1622 1125 1702 augeri
1147 1632 1177 1683 et

103 1708 313 1788 imperatorem
335 1706 413 1767 mitti
434 1707 584 1786 placebat;
613 1714 767 1781 nectam,
796 1725 885 1786 quem
913 1708 1079 1782 mitterent,
1108 1707 1178 1769 satis
1198 1716 1214 1767 a

105 1791 269 1865 constabat,
291 1809 379 1870 quam
401 1791 487 1865 illud,
516 1790 569 1853 ubi
589 1792 649 1853 duo
671 1792 779 1855 summi
800 1794 994 1873 imperatores
1015 1792 1093 1854 intra
1113 1793 1177 1855 dies

59 1887 85 1939 m
104 1878 225 1959 triginta
246 1876 439 1951 cecidissent,
467 1877 571 1956 quiin
593 1877 693 1939 locum
715 1878 842 1941 duorum
864 1878 1051 1951 succederet,
1081 1886 1177 1939 extra·

107 1961 254 2025 ordinaria
276 1980 347 2023 cura
368 1961 557 2042 deligendum
579 1981 653 2025 esse.
698 1980 765 2024 cum
792 1963 841 2025 alii
866 1962 954 2023 alium
978 1963 1177 2034 nominarent,
1199 1971 1214 2022 t

105 2058 289 2130 postremum
310 2066 347 2109 eo
369 2046 527 2110 decursum
548 2056 603 2123 est,
624 2057 658 2109 ut
678 2046 851 2129 proconsuli
873 2047 1001 2109 creando
1023 2048 1054 2109 in
1070 2046 1177 2128 Hispa·

108 2135 184 2196 niam
206 2133 327 2195 comitia
340 2133 540 2204 haberentur3
562 2135 700 2212 diemque
719 2133 844 2195 comitiis
858 2134 997 2196 consules
1012 2133 1177 2194 edixerunt.

107 2220 199 2298 primo
215 2226 454 2297 expectaueram,
478 2230 519 2292 ut,
540 2219 637 2298 quise
651 2228 735 2280 tanto
750 2218 875 2298 imperio
891 2217 997 2297 dignos
1012 2219 1178 2289 crederent,
1199 2227 1215 2277 5

64 2313 89 2363 n
108 2305 228 2366 nomina
249 2304 471 2383 profiterentur.
507 2322 584 2384 quae
602 2312 634 2365 ut
655 2304 792 2365 destituta
815 2303 978 2383 expectatio
1001 2310 1055 2375 est,
1077 2301 1179 2363 redin-

108 2397 238 2468 teqratus
252 2389 350 2450 luctus
362 2398 502 2467 acceptae
513 2389 602 2451 cladis
613 2388 852 2466 desideriumque
866 2387 1076 2468 imperatorum
1091 2389 1178 2448 amis-

109 2492 217 2536 sorum.
254 2481 364 2535 maesta
378 2473 478 2552 itaque
492 2474 607 2548 ciuitas,
628 2493 723 2555 prope
741 2474 828 2553 inops
842 2471 969 2548 consilii,
992 2472 1178 2534 comitiorum
1191 2483 1216 2533 e

111 2559 155 2620 die
175 2568 277 2622 tamen
302 2559 335 2620 in
360 2576 498 2638 campum
526 2559 693 2634 descendit;
721 2567 809 2638 atque
835 2559 866 2619 in
889 2559 1077 2638 magistratus
1097 2557 1179 2619 uersi

111 2644 356 2724 circumspectant
369 2661 421 2704 ora
431 2643 601 2724 principum
614 2644 741 2706 aliorum
752 2643 823 2705 alios
839 2643 1018 2705 intuentium
1034 2643 1179 2705 tremunt-

68 2736 93 2788 a)
111 2747 165 2807 que
184 2730 258 2792 adeo
281 2728 412 2810 perditas
432 2747 481 2790 res
502 2729 751 2809 desperatumque
780 2729 816 2790 de
842 2747 875 2790 re
897 2727 1015 2808 publica
1038 2746 1117 2802 esse,
1147 2737 1180 2789 ut

113 2831 195 2877 nemo
224 2815 331 2876 audeat
358 2815 390 2874 in
421 2813 592 2893 Hispaniam
620 2814 776 2894 imperium
804 2813 954 2894 accipere,
987 2831 1055 2875 cum
1083 2811 1180 2876 subito
1202 2823 1216 2872 t

112 2897 143 2958 P.
163 2899 334 2972 Cornelius,
361 2899 395 2960 P.
418 2898 564 2973 Cornelii,
595 2899 646 2979 qui
674 2901 705 2960 iu
734 2898 874 2979 Hispania
903 2899 1063 2973 ceciderat,
1092 2899 1179 2972 iilius,

113 2993 248 3060 quattuor
271 2993 300 3044 et
320 2983 427 3063 uiginti
448 2985 540 3045 lerme
561 3002 657 3046 annos
679 2993 775 3058 natus,
798 2985 950 3063 prolessus
972 3003 1003 3046 se
1023 2993 1127 3064 petere
1148 2983 1178 3044 in

114 3070 272 3149 superiore,
294 3069 374 3130 unde
397 3069 531 3148 conspici
553 3080 662 3149 posset,
685 3069 751 3131 loeo
767 3069 909 3130 constitit
948 3069 978 3129 in
994 3086 1083 3148 quem
1098 3077 1216 3148 post-8

72 3160 198 3230 equum
217 3154 352 3216 omnium
375 3171 428 3215 ora
449 3171 595 3216 conuersa
616 3162 703 3228 sunt,
728 3154 857 3216 clamore
878 3171 912 3214 ac
934 3154 1037 3215 fauore
1059 3152 1181 3214 ominati

188 3288 315 3341 tsaltnm
337 3300 440 3338 ornnem
464 3303 500 3337 ee
522 3288 590 3340 saltn
609 3301 710 3339 omnem
730 3286 760 3338 1³¹
773 3283 968 3354 licamposquse
986 3285 1056 3352 Pl³
1075 3285 1119 3352 qui
1132 3286 1182 3338 dal.

117 3357 182 3408 coni.
197 3354 449 3421 [Memmii
466 3355 533 3407 seria
550 3355 719 3424 Pflbuerdn
737 3358 809 3406 recte
826 3353 955 3404 &stianit
973 3353 1084 3414 Harant,
1102 3359 1184 3404 antea

117 3425 278 3476 eminenter
300 3423 380 3475 daus.
397 3436 457 3474 cum
481 3431 551 3476 esset
568 3423 627 3474 data
646 3423 721 3474 uenia
739 3423 795 3474 eius
812 3421 878 3485 diei,
896 3420 1026 3489 extemplo
1043 3423 1105 3486 (om.
1123 3427 1184 3490 que)

118 3486 315 3558 manumitti
336 3491 430 3543 institit
448 3491 506 3557 equi
526 3490 567 3560 ΡΙ
582 3493 613 3544 ta
631 3503 876 3558 praecursoresqnae
895 3489 937 3556 ΡΙ
952 3493 982 3542 15
1000 3488 1133 3542 rediebant
1144 3493 1178 3554 ΡΙ

120 3558 147 3607 11
164 3573 208 3611 cnr
224 3564 278 3613 mat
296 3559 339 3626 ΡΙ
353 3561 384 3612 18
403 3565 454 3610 um
474 3565 494 3622 ς
512 3559 594 3611 Gran
612 3565 697 3611 tamen
714 3559 801 3623 unta
819 3557 970 3622 utMadoa'g
983 3557 1135 3625 utpopulus
1149 3557 1178 3625 ΡΙ

120 3623 149 3676 13
164 3625 316 3680 laberentur
333 3627 444 3692 iladvig
461 3625 567 3679 habaet
584 3627 627 3693 ΡΙ
638 3625 741 3678 comitis
752 3625 792 3688 ΡΙΙ
806 3627 837 3678 27
852 3626 950 3678 consini
960 3626 1003 3692 Pl
1014 3628 1045 3679 31
1060 3627 1087 3678 in
1099 3626 1184 3694 hispa-

120 3693 158 3744 nia
173 3698 192 3758 ς
210 3695 290 3750 Grec.
327 3697 359 3747 32
377 3711 402 3762 p.
421 3695 526 3746 cornelii
544 3695 606 3747 add.
622 3691 783 3757 Alschefski,
800 3709 850 3746 ons.
865 3695 902 3755 1³,·
920 3694 1001 3760 publii
1020 3695 1101 3747 Gran.
1114 3694 1184 3746 illins

120 3765 138 3821 ς
153 3761 204 3815 eins
220 3765 277 3816 dcc.
329 3779 372 3815 on.
384 3765 394 3830 Ι
408 3765 441 3816 33
460 3763 593 3830 professus
610 3763 639 3828 P,
656 3762 704 3813 red
720 3775 747 3814 ss
764 3765 794 3813 in
811 3777 865 3815 rar.
885 3763 1037 3814 ductarum
1054 3768 1080 3816 ct
