2734 4250
74 161 94 191 a.
103 148 155 191 cur.
164 150 205 191 rra
488 131 582 185 LIBER
597 132 683 199 lllllll,
701 138 725 187 1.
738 136 753 187 5
1095 133 1153 192 131

75 304 321 378 concedentibus,
344 304 563 367 dominabatur.
607 305 678 366 hinc
700 312 855 367 senatores
878 304 985 367 omissa
1007 305 1157 383 dignitatis
1178 319 1193 369 1

75 389 278 468 libertatisque
292 389 437 450 memoria
450 389 568 469 plebem
580 390 707 452 adulari:
722 390 859 462 salutare,
874 388 1005 470 benigne
1018 390 1154 465 inuitare,

74 475 223 556 apparatis
245 474 381 554 accipere
396 475 506 554 epulis;
530 493 579 537 eas
597 493 700 537 causas
722 474 882 555 suscipere,
905 474 932 535 ei
947 494 1065 556 semper
1079 477 1156 555 parti
1177 489 1191 537 a

73 561 187 634 adesse,
209 560 375 621 secundum
391 576 453 619 eam
475 560 558 621 litem
572 560 685 621 iudices
703 559 782 635 dare,
806 576 880 638 quae
895 560 988 640 magis
1002 561 1154 642 popularis

42 654 53 702 5
72 646 231 724 aptiorque
254 644 285 704 in
315 644 421 723 uolgus
450 644 545 706 lanori
568 644 755 706 conciliando
783 652 875 719 esset;
905 644 963 706 iam
985 664 1057 707 uero
1080 648 1156 708 nihil
1176 658 1191 708 4

72 731 102 790 in
117 737 226 791 senatu
250 728 296 807 agi
317 728 411 802 aliter,
434 730 565 808 quamsi
586 728 683 809 plebis
697 728 740 790 ibi
758 737 837 791 esset
851 730 1020 791 concilium.
1056 749 1152 809 prona

71 831 194 893 semper
221 814 327 875 ciuitas
354 813 386 874 in
415 812 561 875 luxuriam
591 833 652 875 non
675 813 864 894 ingeniorum
893 813 981 875 modo
1011 815 1084 877 uitio
1107 825 1153 878 set

70 898 194 960 alluenti
210 898 296 977 eopia
319 898 515 977 uoluptatium
530 908 560 960 et
578 898 737 961 inlecebris
753 898 849 960 omnis
864 899 1048 961 amoenitatis
1062 902 1152 962 mari-

70 985 160 1045 timae
176 982 397 1061 terrestrisque,
419 991 482 1045 tum
498 1002 571 1045 uero
586 984 625 1046 ita
646 983 789 1064 obsequio
804 984 973 1063 principum
990 994 1020 1046 et
1034 985 1153 1048 licentia
1174 996 1189 1045 o

28 1075 51 1127 11
68 1067 168 1147 plebei
198 1067 351 1142 lasciuire,
379 1076 413 1128 ut
435 1086 492 1129 nec
513 1068 628 1130 libidini
657 1086 714 1130 nec
739 1067 907 1147 sumptibus
934 1070 1041 1132 modus
1063 1080 1150 1133 esset.

68 1153 105 1213 ad
119 1160 329 1231 contemptum
350 1152 450 1232 legum
466 1153 690 1231 magistratuum
706 1161 828 1215 senatus
843 1154 968 1216 accessit
988 1164 1061 1228 tum,
1084 1164 1153 1235 post
1173 1164 1189 1215 6

69 1238 262 1299 Cannensem
276 1237 400 1310 cladem,
417 1246 459 1310 ut,
481 1238 566 1299 cuius
580 1239 678 1317 aliqua
694 1237 873 1300 uerecundia
889 1246 960 1312 erat,
983 1238 1149 1301 llomanunn

67 1341 193 1402 qnoque
207 1332 387 1401 spernerent
400 1322 568 1402 imperium.
602 1324 631 1385 id
646 1324 734 1384 modo
752 1332 815 1384 erat
828 1323 860 1383 in
876 1341 969 1397 mora,
985 1342 1023 1385 ne
1039 1333 1151 1385 extem·
1173 1338 1188 1385 t

68 1408 119 1487 plo
141 1408 318 1479 delicerent,
341 1408 421 1485 quod
443 1407 606 1468 conubium
621 1416 771 1470 uetustum
790 1407 897 1468 multas
911 1408 1034 1470 familias
1056 1408 1149 1471 oleras

22 1498 47 1549 ts
66 1510 100 1554 ac
115 1491 251 1571 potentis
264 1491 407 1554 Romanis
428 1492 595 1567 miscuerat,
618 1504 656 1566 et,
678 1511 748 1555 oum
771 1492 932 1553 militarent
951 1492 1064 1573 aliquot
1079 1502 1152 1575 aput
1172 1502 1187 1555 8

67 1578 239 1650 Romanos,
266 1575 425 1637 maximum
446 1576 601 1639 uinculum
623 1587 710 1639 erant
730 1578 857 1639 trecenti
879 1578 1002 1655 equites,
1025 1578 1149 1641 nobilis-

66 1663 163 1723 simus
192 1661 319 1740 quisque
348 1660 580 1741 Campanorum,
608 1662 639 1723 in
668 1662 812 1742 praesidia
835 1662 1002 1723 Sicularum
1030 1662 1148 1725 urbium

67 1746 175 1809 delecti
197 1746 235 1806 ab
257 1745 398 1809 Romanis
419 1764 455 1807 ac
475 1747 567 1809 missi.

153 1830 271 1893 Horum
292 1840 432 1909 parentes
453 1832 631 1911 cognatique
658 1849 746 1911 aegre
767 1830 976 1911 peruicerunt,
1005 1841 1038 1892 ut
1058 1833 1183 1912 legatib

18 1921 47 1973 11)
65 1918 101 1976 ad
116 1916 274 1977 consulem
290 1916 456 1978 Romanum
478 1918 677 1978 mitterentur.
714 1917 734 1977 ii
750 1916 884 1977 nondum
901 1916 1060 1978 Canusium
1076 1936 1147 1997 pro·

66 2002 196 2074 lectum,
224 2000 276 2062 sed
305 1999 450 2062 Venusiae
478 2018 547 2063 cum
574 2001 676 2081 paucis
701 2018 736 2061 ac
763 2000 967 2063 semiermibus
995 2003 1148 2063 consulem

66 2086 269 2160 inuenerunt,
298 2102 388 2164 quam
415 2094 532 2166 poterat
559 2085 685 2147 maxime
709 2085 904 2148 miserabilem
933 2084 1021 2148 bonis
1049 2087 1146 2162 sociis,

65 2171 207 2250 superbis
228 2179 318 2249 atque
333 2169 512 2245 infidelibus,
535 2180 569 2232 ut
589 2181 675 2232 erant
689 2170 841 2250 Campani,
863 2171 1073 2250 spernendum.
1119 2181 1149 2234 et
1169 2183 1184 2233 2

65 2257 148 2317 auxit
160 2273 266 2316 rerum
279 2273 401 2318 suarum
415 2257 522 2334 suique
535 2265 740 2336 contemptum
757 2255 862 2318 consul
877 2255 965 2317 nimis
979 2256 1145 2335 detegendo

17 2345 44 2396 25
63 2340 180 2402 cladem
211 2339 422 2418 nudanduque.
472 2359 541 2402 nam
571 2359 639 2403 cum
669 2341 756 2418 legati
785 2358 872 2418 aegre
900 2341 979 2400 terre
1008 2349 1180 2402 senatume

63 2424 274 2505 populumque
297 2423 478 2504 Campanum
505 2425 622 2487 aduersi
651 2425 809 2504 quiequam
840 2425 977 2486 euenisse
1006 2425 1146 2488 Romanis

65 2510 256 2571 nuntiassent
269 2509 542 2590 pollicerenturque
553 2511 663 2584 omnia,
679 2528 756 2589 quae
770 2510 806 2570 ad
821 2508 931 2571 bellum
947 2528 1022 2590 opus
1036 2518 1145 2585 essent,

59 2587 190 2656 ‘biorem
212 2584 313 2672 magis'
337 2594 435 2673 inquit
453 2591 609 2673 ‘loquendi
625 2613 693 2656 cum
715 2595 803 2656 sociis
823 2595 971 2670 seruantis,
995 2594 1145 2674 Campani,
1166 2606 1182 2656 1

65 2678 222 2752 iubentes,
249 2696 326 2757 quae
348 2697 424 2757 opus
445 2687 545 2742 essent
566 2679 603 2740 ad
624 2679 750 2754 bellum,
771 2680 932 2758 imperare,
959 2698 1048 2759 quam
1071 2697 1145 2741 con-

17 2764 224 2826 tuuenienter
245 2764 281 2824 ad
303 2774 491 2842 praesentem
516 2764 654 2826 fortunae
676 2772 796 2826 nostrae
820 2772 927 2826 statum
950 2765 1040 2826 loeuti
1062 2764 1143 2826 estis.

64 2848 137 2926 quid
153 2848 234 2909 enim
251 2847 339 2909 nobis
353 2848 389 2909 ad
405 2847 521 2910 &onas
534 2849 672 2911 relictum
687 2858 741 2924 est,
763 2857 805 2922 ut,
829 2849 897 2928 quia
910 2849 1020 2929 aliquid
1036 2849 1144 2912 babea-
1167 2860 1181 2910 5

62 2951 142 3003 mus,
164 2932 204 3006 id,
226 2933 306 3012 quod
329 2934 421 3008 deest,
443 2934 556 3013 expleri
577 2933 614 2995 ab
636 2933 726 2996 sociis
748 2931 899 2996 uelimus?
921 2934 1034 3013 pedites
1056 2936 1144 2997 uobis

63 3019 257 3096 imperemus,
272 3024 422 3096 umquam
437 3019 551 3097 equites
566 3016 750 3080 habeamus?
772 3018 930 3098 pecuniam
946 3018 1049 3081 deesse
1064 3021 1143 3082 diea-

63 3119 149 3173 mus,
171 3110 320 3181 tamquam
343 3121 378 3163 ea
399 3111 513 3164 motum
536 3101 633 3164 desit?
662 3103 750 3176 nibil,
774 3123 812 3164 ne
836 3103 913 3182 quod
937 3104 1143 3184 suppleremus
1165 3114 1181 3163 e

17 3193 42 3242 ts
63 3185 194 3262 quidem,
216 3186 305 3248 nobis
324 3187 445 3265 reliquit
466 3188 595 3249 lortuna.
631 3188 764 3267 legiones
787 3188 935 3266 equitatus
958 3207 1038 3249 arma
1059 3189 1144 3269 signa

153 3323 167 3372 l
182 3317 326 3371 donabatur
337 3318 380 3384 Pp
392 3316 523 3371 dicnitatis
534 3319 577 3386 ΡΙ
590 3321 606 3372 2
617 3318 716 3372 adulari
729 3320 877 3372 Salmasius
902 3318 990 3371 adunri
1005 3319 1037 3370 P¹
1062 3319 1143 3371 adieri

64 3385 144 3450 ΡΗ
155 3387 292 3439 eanilitem
304 3388 333 3450 Ρ,
345 3403 415 3438 eon.
427 3390 447 3451 ς
454 3386 487 3456 15
499 3387 526 3438 in
538 3391 628 3439 senatu
641 3387 704 3438 nihil
717 3390 916 3454 exspectaveris
926 3390 936 3457 Ι
948 3389 964 3440 6
977 3386 1018 3452 agi
1031 3386 1144 3453 Madvig

63 3458 110 3505 aet
123 3454 146 3503 Ρ
164 3459 247 3507 amum
259 3457 280 3520 ς
291 3455 301 3522 Ι
316 3457 347 3506 to
364 3453 464 3534 plebeis
475 3454 518 3521 ΡΙ
530 3454 655 3508 lasciuere
667 3454 701 3506 1²¹
704 3454 768 3574 W
787 3456 870 3508 luerat
883 3459 952 3507 coni.
964 3452 1116 3536 Alschefski

65 3525 101 3574 ta
119 3519 248 3576 dicerem
265 3521 336 3589 quod
353 3522 508 3574 concubium
524 3523 566 3602 ΡΙ
582 3525 612 3576 15
628 3527 655 3575 et
667 3524 702 3576 Or
734 3539 775 3574 cer
802 3527 829 3575 et
846 3523 914 3592 qood
927 3525 951 3574 Ρ
982 3522 1124 3590 aliqnndP

63 3590 397 3725 23„²⁶,i?;,¹’5,¹¹;¹,⁸,2¹⁰,i„
408 3589 651 3725 {dilectit
664 3590 904 3726 illiititt
915 3591 959 3725 ii
972 3593 1012 3713 2²9⁴
1022 3595 1142 3711 stitit

62 3727 89 3775 Ρ
105 3725 119 3790 Ι
135 3726 163 3778 ³1
181 3740 275 3805 eapnas
292 3723 328 3778 11²
353 3738 449 3778 caunas
465 3726 497 3777 ΡΙ
510 3726 520 3793 ΙΙ
533 3711 635 3792 quiaP
646 3675 734 3793 qquasi
753 3731 772 3792 ς
787 3727 797 3795 ΙΙ
811 3675 903 3793 αὶίἶηὶι
920 3725 967 3790 ΡΙΙ
982 3729 1014 3780 32
1032 3725 1106 3778 deest
1123 3729 1142 3790 ς

62 3802 108 3845 est
130 3793 150 3842 Ρ
169 3792 233 3846 desit
250 3793 383 3845 Riemann
395 3793 406 3860 Ι
418 3793 526 3861 explerii
542 3793 585 3860 1³¹,
602 3809 673 3846 corr.
691 3794 725 3846 ΡΞ

950 3875 988 3928 9*
