2734 4250
170 113 189 172 o
590 115 835 183 necemus.
1101 145 1121 177 ..
1137 144 1159 177 ι,
1173 144 1192 179 ι,
1205 134 1247 177 se

167 286 210 349 illi
232 287 267 348 ad
290 286 478 367 eruptionem
492 288 588 369 parati
609 288 704 369 portis
727 288 866 351 omnibus
887 307 953 351 sese
975 289 1174 363 eliunderent,
1195 291 1247 353 in·

129 381 286 452 egentem
308 371 446 452 praebuit
464 383 621 434 terrorem.
665 392 735 435 nam
765 373 819 435 alia
845 384 929 453 parte
951 374 1016 454 ipse
1048 375 1168 437 adortus
1189 386 1247 449 est,

167 457 223 518 alia
246 457 386 537 Campani
409 475 523 532 omnes,
545 457 662 537 equites
681 458 872 539 peditesque,
899 469 1019 521 etcum
1041 460 1076 522 iis
1098 460 1245 522 Punicum

130 542 361 623 tpreesidinm,
391 542 440 603 cui
462 543 567 604 Bostar
587 550 618 604 et
639 542 747 605 Hanno
769 554 942 623 praeerant,
966 545 1073 624 erupit.
1114 544 1246 608 Humani

166 637 200 689 ut
227 627 258 689 in
288 646 322 688 re
344 626 473 707 trepida,
501 645 540 688 ne
568 628 604 689 ad
633 646 724 705 pnam
753 629 962 691 concurrendo
991 640 1105 709 partem
1134 630 1248 711 aliquid
1271 644 1287 693 5

128 722 145 775 8
165 712 313 775 indefensi
335 712 556 790 relinquerent,
579 713 619 774 ita
640 713 721 774 inter
742 732 807 775 sese
829 714 930 794 copias
952 714 1053 794 partiti
1074 724 1159 777 sunt:
1188 717 1246 797 Ap.

166 797 305 859 Claudius
327 797 493 877 Campanis,
516 797 640 859 Fuluius
663 798 823 860 Hannibali
845 808 891 861 est
911 800 1081 880 oppositus;
1110 800 1142 863 G.
1165 801 1247 864 Nero

165 893 342 962 propraetor
364 902 433 945 cum
455 882 606 961 equitibus
627 901 680 945 sex
701 884 852 962 legionum
876 884 939 958 uia,
975 902 1051 963 quae
1073 886 1248 948 Suessulam

164 970 232 1043 fert,
256 968 287 1030 C.
311 967 434 1030 Fuluius
456 967 580 1031 Flaccus
605 968 720 1048 legatus
742 986 810 1031 cnm
833 969 933 1031 sociali
956 969 1089 1049 equitatu
1111 972 1247 1033 constitit

127 1062 143 1114 e
164 1072 181 1114 e
202 1054 327 1133 regione
342 1053 479 1115 Volturni
496 1054 601 1115 amnis.
638 1054 786 1133 proelium
809 1073 870 1116 non
894 1053 980 1116 solito
1003 1054 1091 1117 modo
1115 1056 1249 1119 clamore
1273 1068 1303 1121 11

164 1157 198 1200 ac
212 1140 343 1200 tumultu
357 1148 402 1201 est
417 1147 566 1217 coeptum,
588 1138 640 1201 sed
657 1139 694 1200 ad
709 1138 797 1200 alium
816 1139 961 1211 uirorum,
983 1157 1129 1219 equorum
1145 1159 1248 1203 armo-

163 1242 292 1303 rumque
313 1242 421 1285 sonum
444 1224 584 1303 disposita
606 1224 637 1285 in
654 1224 748 1286 muris
764 1223 981 1305 Campanorum
1003 1225 1121 1287 inbellis
1143 1226 1248 1289 multi·
1361 1306 1362 1309 Ἴ

162 1309 235 1371 tudo
257 1317 373 1371 tantum
395 1327 463 1370 oum
480 1309 557 1371 aeris
574 1309 699 1389 crepitu,
723 1309 818 1388 qualis
840 1310 870 1371 in
894 1308 1011 1371 delectu
1034 1310 1122 1373 lunae
1145 1311 1251 1375 silenti
1361 1330 1362 1353 ³

163 1402 253 1474 nocte
275 1394 347 1456 cieri
368 1394 453 1467 solet,
476 1394 567 1455 edidit
588 1394 758 1468 clamorem,
781 1404 814 1456 ut
828 1403 978 1456 auerteret
993 1395 1080 1457 etiam
1103 1414 1247 1477 pugnan-

112 1481 236 1542 lotium
259 1480 384 1541 animos.
422 1479 587 1559 Campanos
608 1478 694 1544 iaoile
717 1498 733 1540 a
757 1480 834 1540 uallo
852 1479 966 1560 Appius
988 1479 1124 1557 arcebat;
1146 1482 1249 1545 maior
1274 1493 1302 1545 u

111 1574 141 1627 11
161 1566 208 1627 uis
230 1564 267 1625 ab
284 1565 375 1626 altera
390 1572 475 1644 parte
489 1564 628 1626 Fuluium
643 1564 792 1626 Hannibal
808 1573 837 1625 et
851 1565 944 1626 Poeni
968 1567 1124 1643 urgebant.
1163 1566 1248 1647 legio

161 1651 202 1711 ibi
225 1658 305 1711 sexta
328 1650 395 1711 loco
418 1649 515 1723 cessit,
537 1668 595 1728 qua
612 1650 696 1730 pulsa
712 1650 821 1711 oobors
836 1650 1036 1730 Hispanorum
1054 1669 1123 1712 cum
1146 1652 1248 1717 tribus

126 1765 129 1786 ι
162 1735 327 1815 elephantis
348 1736 500 1814 usquead
521 1734 630 1797 uallum
646 1735 787 1816 peruasit,
809 1745 990 1815 ruperatque
1005 1735 1131 1798 mediam
1147 1738 1247 1801 aciem

161 1820 364 1882 Romanorum
394 1829 423 1880 et
451 1819 482 1880 in
511 1820 633 1900 ancipiti
660 1840 715 1900 spe
743 1839 777 1881 ao
805 1820 939 1900 periculo
968 1830 1048 1895 erat,
1079 1830 1179 1883 utrum
1209 1823 1244 1886 in

109 1913 140 1965 12
160 1912 257 1967 castra
278 1913 487 1985 perrumperet
507 1923 545 1966 an
567 1905 821 1967 intercluderetur
841 1906 945 1967 asnis.
985 1925 1074 1986 quem
1096 1924 1246 1987 pauorem
1269 1921 1299 1971 21

161 1989 288 2070 legionis
308 1989 534 2070 periculumque
552 1999 717 2053 castrorum
734 1990 857 2053 Fuluius
878 1990 930 2053 ubi
953 1990 1036 2065 uidit,
1060 1992 1095 2064 Ο.
1111 1992 1245 2057 Nauium

159 2076 367 2157 primoresque
384 2074 457 2137 elios
475 2076 688 2139 centurionum
710 2077 854 2150 bortatur,
876 2084 911 2138 ut
932 2076 1084 2138 cohortem
1107 2078 1244 2142 bostium

109 2169 137 2222 lt
159 2160 215 2223 sub
231 2162 310 2224 uallo
325 2171 509 2241 pugnantem
525 2163 683 2224 inuadant:
704 2162 733 2224 in
751 2180 866 2223 summo
881 2162 1053 2224 discrimine
1067 2181 1129 2225 rena
1145 2164 1245 2240 uerti;

159 2257 211 2309 aut
234 2248 310 2308 uiam
332 2247 459 2308 dandam
473 2246 510 2309 iis
524 2265 600 2320 esse,
622 2257 653 2308 et
671 2247 789 2308 minore
809 2255 928 2322 conatu,
951 2266 1039 2327 quam
1056 2249 1244 2312 condensam

159 2333 252 2394 aciem
275 2331 442 2413 rupissent,
471 2332 502 2394 in
526 2341 623 2394 castra
650 2333 841 2412 incepturos,
871 2343 923 2394 aut
951 2333 1155 2396 conficiendos
1182 2336 1243 2398 sub
1267 2346 1298 2396 2³

108 2427 137 2479 11
159 2419 237 2479 uallo
253 2436 328 2481 esse.
366 2435 423 2478 nec
438 2417 538 2496 magni
552 2417 724 2479 certaminis
738 2436 802 2479 rem
825 2419 905 2479 iore:
927 2435 1039 2498 paucos
1060 2437 1125 2482 esse
1149 2429 1179 2482 et
1199 2421 1242 2483 ab

159 2503 221 2566 suis
236 2503 422 2578 interclusos,
439 2513 469 2564 et
483 2521 569 2582 quae,
585 2504 655 2565 dum
670 2512 777 2583 paueat
791 2502 955 2576 Romanus,
977 2503 1143 2584 interrupta
1159 2506 1243 2570 acies

158 2589 304 2664 uideatur,
327 2606 400 2661 earn,
422 2587 447 2649 si
468 2607 500 2649 se
514 2589 665 2669 utrimque
687 2589 717 2650 in
733 2589 848 2650 hostem
863 2596 969 2660 uertat,
992 2588 1114 2668 ancipiti
1136 2609 1242 2671 pugna

108 2683 137 2734 15
157 2673 272 2735 medios
300 2674 582 2735 circumuenturam.
625 2673 737 2735 Nauius
763 2673 814 2734 ubi
843 2673 915 2734 baec
945 2673 1132 2753 imperatoris
1159 2675 1242 2738 dicta

159 2759 289 2838 accepit,
315 2758 439 2820 secundi
463 2758 568 2820 hastati
590 2759 710 2838 signum
732 2758 903 2838 ademptum
925 2758 1068 2838 signifero
1091 2761 1122 2822 in
1143 2760 1243 2826 bostis
1265 2771 1297 2824 tt

158 2843 258 2917 inlert,
273 2843 419 2905 iacturum
436 2843 467 2904 in
483 2843 596 2905 medios
610 2863 663 2906 eos
673 2844 825 2920 minitans,
843 2843 918 2905 nise
929 2861 1058 2924 propere
1073 2857 1242 2925 sequentur

107 2937 136 2989 11
157 2927 265 2990 milites
287 2937 317 2990 et
338 2936 450 3007 partem
474 2939 630 3008 capessant
656 2948 785 3009 pugnae.
828 2929 937 3008 ingens
963 2947 1072 3010 corpus
1100 2941 1178 3004 orat,
1208 2943 1242 2994 et

158 3031 238 3075 arma
267 3012 479 3087 honestabant,
508 3022 538 3074 et
567 3013 716 3076 sublatum
746 3015 803 3076 alte
832 3014 950 3094 signnm
980 3025 1173 3078 conuerterat
1200 3017 1239 3078 ad

106 3107 135 3160 11
157 3099 359 3180 spectaculum
382 3097 463 3160 ciues
479 3098 649 3179 hostesque.
685 3108 819 3161 ceterum
833 3107 990 3179 postquam
1014 3099 1070 3160 iam
1093 3101 1128 3162 ad
1151 3102 1240 3181 signa

157 3193 339 3266 peruenerat
354 3183 565 3264 Hispanorum,
579 3195 642 3245 tum
658 3184 791 3264 undique
805 3185 835 3245 in
853 3202 920 3246 eum
936 3183 1067 3264 tragulae
1082 3189 1238 3254 coniectae
1262 3195 1294 3246 35

157 3280 188 3333 et
198 3289 293 3352 prope
308 3279 370 3332 tota
385 3270 416 3330 in
431 3287 525 3332 unum
541 3269 619 3332 acies
634 3287 737 3346 uersa;
752 3271 804 3332 sed
820 3287 919 3349 neque
933 3269 1090 3333 multitudo
1105 3271 1238 3334 bostium

236 3457 247 3506 1
267 3469 326 3507 sese
349 3458 369 3519 ς
386 3468 443 3507 esse
461 3453 495 3505 P¹
511 3469 541 3507 se
558 3452 642 3522 1²12
660 3460 758 3507 terrore
776 3454 846 3522 Plld
863 3452 955 3522 aliquit
972 3455 1042 3521 Pla
1061 3454 1174 3508 annibali
1190 3457 1235 3524 Pl

156 3525 172 3575 8
189 3521 299 3588 propi.
317 3523 360 3589 Pl
372 3537 438 3590 qnae
462 3539 518 3576 rar.
542 3540 578 3575 aa·
594 3537 676 3590 quaes
694 3524 765 3588 Ple
783 3523 900 3592 equitnto
918 3522 958 3585 1²¹,
981 3537 1052 3576 corr.
1072 3522 1127 3592 paq
1144 3527 1174 3576 10
1193 3539 1238 3578 eo·

157 3589 213 3641 luto
229 3589 272 3656 Pl
288 3593 319 3643 11
336 3590 487 3658 pugnetinm
505 3591 547 3659 Pl
560 3593 593 3644 211
611 3590 825 3644 intercluderetur
843 3595 862 3656 ς
887 3589 1061 3644 includeretur
1076 3589 1119 3658 Pl
1133 3593 1163 3644 21
1185 3608 1238 3659 qne

155 3656 260 3709 nenium
277 3657 320 3724 Pl
332 3659 365 3710 22
384 3659 533 3726 prioresque
552 3658 593 3728 Pl
606 3661 640 3712 21
658 3658 777 3724 ἀειζάιιιι
795 3675 830 3710 ec
848 3659 974 3726 damldani
993 3661 1023 3711 Ρ1
1036 3659 1046 3725 l
1059 3660 1091 3711 25
1105 3660 1239 3726 rupissent

157 3721 265 3777 &detor
282 3725 440 3792 inrupissent
456 3729 486 3793 P,
503 3732 584 3780 attam
602 3728 799 3794 intercepissent
817 3730 936 3780 conicias
947 3727 958 3795 l
970 3729 1004 3780 31
1022 3727 1199 3793 spectaculum
1216 3723 1238 3795 ς

156 3791 290 3860 speculum
308 3793 352 3861 Pl
364 3794 396 3845 36
415 3808 475 3846 uera
494 3797 517 3847 P
