2734 4250
103 125 226 171 ..ettae
262 173 271 185 ,
512 110 605 164 uena
622 110 708 176 xxm,
726 114 760 164 rs
1114 112 1172 171 181

182 282 287 352 Quieta
315 284 384 345 inde
406 283 511 345 statiua
538 285 637 357 luere,
667 301 702 344 ac
729 290 810 344 retro
832 283 918 344 etiam
947 284 1054 345 consul
1080 286 1227 348 mouit48

103 375 200 441 eastra,
225 376 257 428 ut
271 377 435 430 sementem
452 367 593 447 Campani
608 369 750 439 lacerent,
774 385 830 428 nec
851 376 919 429 ante
934 369 1058 430 uiolauit
1071 388 1175 448 agrum

102 452 288 531 Campanum,
312 471 401 532 quam
416 454 473 514 iam
489 453 564 515 altae
586 453 617 514 in
635 452 785 532 segetibus
807 453 917 513 herbae
932 453 1073 534 pabulum
1089 473 1175 534 prae-

101 535 167 598 bere
184 547 331 616 poterant.
370 537 397 598 id
414 538 555 599 conuexit
569 539 599 598 in
617 537 774 600 Claudiana
792 546 886 599 castra
901 556 993 619 super
1007 540 1177 602 Suessulam
1197 550 1213 601 1

17 631 18 704 }
70 621 196 701 tibique
215 622 340 684 hiberna
361 622 536 683 aedilicauit.
573 622 611 683 Μ.
628 621 749 685 Claudio
763 624 936 704 proconsuli
953 625 1120 704 imperauit,
1142 635 1176 687 ut

103 715 217 768 retento
238 708 329 768 Nolae
352 709 519 768 necessario
542 707 578 768 ad
602 708 741 769 tuendam
764 708 869 769 urbem
889 710 1037 788 praesidio
1060 721 1176 773 ceteros

103 793 206 854 milites
229 792 391 854 dimitteret
411 792 550 866 Romam,
573 811 612 854 ne
634 794 719 854 oneri
741 793 829 855 sociis
851 803 881 854 et
900 795 1032 874 sumptui
1054 796 1097 856 rei
1119 814 1175 876 pu·

104 877 194 938 blicae
222 886 330 940 essent.
375 886 404 939 et
419 877 463 940 rt.
480 877 639 952 Gracchus,
663 897 679 938 a
696 878 796 940 Cumis
812 879 966 939 Luceriam
992 880 1023 940 in
1040 880 1175 960 Apuliam
1197 891 1213 943 ³

103 962 234 1041 legiones
256 981 324 1024 cum
339 963 477 1036 duxisset,
501 963 539 1022 Μ.
557 963 703 1024 Valerium
718 963 787 1024 inde
803 973 969 1042 praetorem
984 963 1176 1027 Brundisium

60 1059 82 1110 tu
100 1066 163 1108 oum
179 1066 217 1108 eo
240 1065 328 1127 quem
343 1046 486 1109 Luceriae
500 1046 645 1109 habuerat
662 1049 824 1109 exercitum
838 1049 920 1110 misit
933 1049 1070 1128 tuerique
1093 1069 1175 1112 oram

100 1133 157 1212 agri
184 1132 342 1194 Sallentini
371 1141 400 1192 et
428 1133 603 1213 prouidere,
634 1134 714 1212 quod
744 1134 779 1194 ad
809 1133 979 1214 Philippum
1005 1133 1176 1214 bellumque

100 1217 321 1279 Macedonicum
343 1217 491 1291 attineret,
512 1218 606 1279 iussit.

181 1301 272 1363 Exitu
292 1302 409 1363 aestatis
431 1303 505 1376 eius,
528 1321 585 1381 qua
608 1303 680 1363 haec
702 1311 783 1381 gesta
804 1303 1040 1382 perscripsimus,
1063 1305 1176 1366 litterae
1197 1315 1212 1366 l

100 1405 115 1447 a
134 1388 166 1448 P.
188 1397 221 1448 et
235 1387 289 1449 Cn.
306 1387 496 1467 Scipionibus
517 1397 676 1462 uenerunt,
701 1397 826 1467 quantas
848 1406 997 1467 quamque
1018 1407 1176 1468 prosperas

59 1482 82 1532 tt
101 1474 129 1533 in
150 1473 294 1553 liispauia
315 1491 365 1534 res
386 1473 558 1550 gessissent3
582 1473 632 1534 sed
655 1473 813 1552 pecuniam
835 1473 865 1533 in
881 1474 1062 1552 stipendium
1086 1475 1174 1537 uesti-

101 1568 258 1637 mentaque
287 1567 316 1618 et
343 1558 527 1622 frumentum
556 1558 697 1619 exercitui
727 1568 757 1619 et
778 1558 867 1620 sociis
895 1558 1050 1621 naualibus
1076 1561 1175 1622 omnia

100 1643 208 1704 deesse.
256 1641 335 1722 quod
365 1645 399 1705 ad
422 1643 603 1723 stipendium
633 1643 770 1718 attineat,
799 1644 824 1705 si
846 1645 991 1706 aerarium
1021 1644 1107 1725 inops
1118 1647 1213 1721 ‘sit,5

99 1746 128 1790 se
149 1728 280 1807 aliquam
302 1727 447 1789 rationem
470 1727 612 1803 inituros,
634 1747 694 1807 quo
718 1729 805 1789 modo
828 1729 865 1789 ab
880 1729 1018 1810 liispanis
1039 1739 1174 1806 sumant3

100 1823 193 1874 cetera
217 1813 323 1891 utique
340 1811 377 1873 ab
392 1813 483 1873 Roma
504 1813 647 1874 mittenda
670 1832 744 1887 esse,
767 1833 824 1874 nec
841 1814 926 1875 aliter
948 1825 999 1876 aut
1013 1817 1175 1878 exercitum

57 1907 81 1958 to
98 1906 145 1959 aut
158 1898 349 1979 prouinciam
363 1898 458 1959 teneri
470 1917 567 1977 posse.
594 1898 700 1960 litteris
714 1899 843 1960 recitatis
859 1918 947 1960 nemo
960 1901 1093 1961 omnium
1105 1909 1176 1975 crat,
1197 1909 1213 1960 1

99 1984 167 2062 quin
185 1994 217 2044 et
231 2001 303 2046 uera
322 1982 412 2044 scribi
428 1993 457 2043 et
471 1982 614 2062 postulari
630 2001 724 2062 aequa
747 1985 903 2058 lateretur3
926 1984 977 2046 sed
999 1985 1175 2047 occurrebat

98 2069 212 2143 animis,
237 2077 367 2148 quantos
382 2069 528 2131 exercitus
543 2070 692 2131 terrestris
707 2068 880 2149 naualisque
895 2078 1059 2143 tuerentur,
1081 2089 1176 2151 quan-

98 2164 182 2235 taque
206 2172 289 2216 noua
310 2154 410 2216 classis
428 2172 496 2215 mox
518 2155 648 2234 paranda
670 2166 757 2228 esset,
779 2156 804 2216 si
826 2155 935 2215 bellum
954 2155 1175 2217 Macedonicum

17 2260 18 2267 2
98 2250 287 2301 moueretur:
310 2239 437 2301 Siciliam
461 2258 495 2300 ac
510 2238 684 2314 Sardiniam,
709 2257 783 2319 quae
805 2249 873 2301 ante
891 2240 999 2301 bellum
1019 2241 1178 2320 uectigales
1199 2252 1213 2300 t

55 2326 238 2398 ttluissent,
268 2324 318 2385 uix
344 2324 495 2404 praesides
520 2325 743 2404 prouinciarum
770 2324 917 2385 exercitus
938 2324 1030 2400 alere;
1063 2324 1175 2386 tributo

97 2419 232 2491 sumptus
248 2409 445 2489 suppeditari3
468 2418 598 2470 ceterum
615 2411 712 2488 ipsum
728 2408 871 2470 tributum
887 2410 1104 2470 conferentium
1120 2429 1178 2471 nu·
1198 2419 1215 2471 8

98 2512 211 2557 merum
225 2496 318 2555 tantis
333 2494 515 2556 exercituum
532 2494 680 2572 stragibus
693 2503 724 2556 et
735 2496 771 2555 ad
783 2494 1021 2556 Trasumennum
1037 2495 1133 2555 lacum
1149 2504 1178 2557 et

97 2580 129 2640 ad
141 2581 263 2642 &unas
274 2580 471 2653 inminutum;
488 2580 538 2658 qui
549 2588 741 2660 superessent
750 2580 847 2660 pauci,
863 2581 887 2641 si
901 2580 1057 2659 multiplici
1071 2599 1176 2660 graua-

97 2677 201 2727 rentur
216 2664 379 2743 stipendio,
402 2664 457 2725 alia
472 2664 620 2743 perituros
635 2673 727 2745 peste.
764 2666 863 2744 itaque
879 2666 935 2727 nisi
950 2666 1007 2726 lide
1024 2673 1115 2727 staret
1130 2684 1178 2727 res
1198 2674 1213 2725 o

55 2757 80 2807 at
97 2750 224 2830 publica,
242 2750 351 2830 opibus
367 2768 428 2810 non
443 2758 594 2811 staturam.
624 2748 833 2829 prodeundum
846 2750 876 2811 in
889 2751 1060 2811 contionem
1072 2751 1177 2812 Fuluio
1201 2758 1229 2810 lu

17 2852 18 2857 ¹
97 2836 226 2915 praetori
247 2853 323 2910 esse,
345 2833 516 2895 indicandas
539 2834 648 2913 populo
665 2833 798 2915 publicas
813 2836 1003 2898 necessitates
1017 2836 1177 2898 cohortan-

181 2972 197 3021 4
215 2968 238 3019 it
258 2967 300 3035 ΡΙΙ
313 2966 442 3019 nessulam
460 2967 492 3017 Ρ
518 2967 642 3019 sessulam
656 2966 912 3034 P¹15ubiqfflli
931 2970 1017 3020 oneris
1030 2971 1098 3034 Pte
1119 2970 1178 3033 lig

98 3038 115 3087 1.
131 3036 187 3155 Pl
204 3035 320 3103 apuliam
341 3041 361 3099 ς
387 3035 470 3101 spolie
489 3034 521 3085 Ρ
554 3036 639 3101 apulia
657 3035 692 3085 Ρ
712 3035 723 3102 Ι
747 3037 933 3088 ltexercitum
952 3035 994 3098 Ρ,
1018 3035 1089 3097 conf.
1107 3053 1178 3088 meus

98 3104 153 3155 Em.
189 3110 228 3155 iu.
244 3103 338 3169 11116,
357 3107 384 3154 et
401 3102 541 3167 exercitum
560 3103 590 3153 Ρ
618 3105 730 3155 exercitu
750 3104 840 3168 ςΙΙὶΙ
861 3104 1007 3169 prouideret
1025 3105 1118 3168 Pata
1136 3120 1178 3157 ca·

98 3172 248 3223 eedonicum
263 3173 302 3233 Ρ,
322 3187 393 3222 com
406 3169 461 3235 ΡΙι
477 3174 505 3223 tu
523 3170 608 3223 exitus
621 3172 662 3237 Pl
675 3186 725 3239 que
743 3188 797 3223 rae.
816 3188 851 3221 ex
868 3186 944 3236 quam
957 3170 997 3238 ΡΙΙ
1013 3175 1044 3223 15
1062 3172 1089 3222 in
1107 3172 1179 3223 bisu-

99 3240 217 3305 pendium
237 3240 263 3291 P
277 3240 287 3306 ΙΙ
303 3243 331 3292 l'l
351 3239 386 3290 sil
402 3252 431 3291 se
448 3238 599 3299 Alschefski
625 3240 687 3291 siise
705 3239 738 3290 Ρ
763 3253 821 3290 sese
838 3238 872 3289 Ρ
902 3244 971 3289 esset
988 3254 1016 3290 se
1034 3240 1075 3305 ς1
1092 3242 1122 3291 18
1139 3254 1179 3291 ra·

99 3307 163 3360 tione
182 3310 225 3372 Ρ,
244 3322 317 3359 corr.
330 3306 364 3358 Ρ
376 3305 386 3373 ΙΙ
398 3313 500 3358 sumunt
514 3305 546 3356 Ρ
571 3307 690 3375 sumlutq.
709 3324 744 3358 σω
762 3306 905 3373 sumlmatq.
918 3306 950 3357 Ρ
977 3314 1092 3358 sumatur
1108 3310 1178 3360 coni.

99 3375 249 3437 Alschefski
286 3378 318 3427 10
336 3376 454 3440 ιειιεῐίς
481 3375 577 3426 steneri
589 3376 621 3425 Ρ
648 3374 756 3426 atteneri
770 3373 804 3425 Ρ
829 3374 938 3426 obtineri
956 3373 1002 3423 nat
1018 3375 1121 3426 retineri
1138 3376 1177 3442 ςΙΙ

100 3443 127 3497 11
141 3444 201 3511 quin
216 3451 245 3496 et
305 3443 348 3511 qui
362 3457 410 3493 nec
419 3441 469 3510 ΡΙ
479 3442 577 3494 locetur
589 3443 620 3493 Ρ
639 3442 766 3494 laceretur
778 3443 820 3506 Ρ,
831 3443 879 3493 sed
888 3446 980 3507 postea
993 3443 1063 3493 illud
1074 3445 1178 3510 restit}

101 3512 130 3563 11
147 3511 319 3578 usualisqnae
338 3510 381 3577 ΡΙΙ
393 3513 426 3563 15
443 3508 563 3581 (solere)
580 3510 677 3562 tributo
698 3511 774 3562 Giere
792 3512 857 3562 duce
873 3509 971 3561 Kocba'o
984 3510 994 3578 ΙΙ
1008 3512 1040 3564 16
1057 3513 1178 3577 suppedi-

101 3580 144 3629 tsri
161 3596 198 3631 ee·
216 3578 370 3645 suppeditat
387 3578 419 3629 Ρ
432 3578 442 3645 n
455 3588 567 3631 ceterum
584 3582 682 3642 scripsi
700 3594 758 3630 eum
771 3579 795 3629 P
817 3594 905 3630 uerum
919 3583 946 3644 ς,
963 3584 1110 3644 praeeunte
1126 3580 1179 3631 llu-

99 3650 183 3711 perun
203 3648 257 3700 del.
276 3646 413 3712 ingerslev
431 3652 457 3696 et
476 3646 652 3712 Madvigii?
673 3652 700 3698 et
717 3647 744 3711 Ρ,
762 3646 812 3699 del.
830 3646 1004 3715 Alschefski!
1017 3649 1177 3715 thrasymen-

100 3728 156 3767 num
175 3718 261 3781 Pflet
279 3720 307 3780 ς,
325 3730 376 3768 om.
394 3714 481 3781 11119
499 3714 643 3781 respublica
662 3718 682 3779 ς
708 3728 761 3766 rem
778 3719 806 3779 li·
826 3717 850 3766 P
865 3715 920 3782 130
941 3716 1113 3781 prodeundem
1132 3713 1179 3782 ΡΙ

102 3783 129 3833 31
149 3784 264 3852 populos
282 3784 324 3848 Ρ,
342 3798 414 3835 corr.
431 3781 466 3834 Ρ
