2734 4250
62 139 67 147 ·
81 149 100 179 s.
109 137 161 180 cnr.
170 137 210 180 us
473 118 566 172 LIBER
583 117 669 185 xxm,
689 120 729 173 13.
743 124 776 172 tl
1102 117 1160 177 141

82 310 154 365 mus,
170 308 263 370 quam
278 290 446 364 habuimus,
463 310 521 371 qna
535 291 584 353 die
598 291 747 353 Hannibal
762 291 792 351 in
808 290 921 352 ltaliam
937 298 982 352 est
996 300 1164 368 transgres-

82 396 140 439 sus.
178 394 269 454 quem
292 377 375 437 uaria
397 376 521 438 uictoria
543 377 643 456 priore
660 377 775 438 Punico
798 376 876 438 bello
898 376 998 449 luerit,
1021 376 1164 454 plerique,
1186 384 1201 435 3

83 462 132 542 qni
154 462 391 535 meminerimus,
411 480 616 542 supersumus.
653 480 814 541 numquam
832 471 910 523 terra
923 460 1056 539 marique
1071 460 1164 538 magis

82 564 246 627 prosperae
258 564 307 608 ros
322 556 441 608 nostrae
452 547 533 609 uisae
542 554 622 620 sunt,
639 565 726 626 quam
740 556 809 607 ante
821 547 958 608 consules
969 546 1000 607 C.
1014 545 1163 607 Lutatium

48 644 62 693 s
81 642 111 693 et
120 632 154 691 l.
167 630 355 693 Postumium
370 632 508 693 luerunt:
525 631 642 693 Lutatio
657 642 688 693 et
698 632 850 693 Postumio
867 629 1041 693 consulibus
1056 629 1163 692 deuicti
1186 640 1202 690 t

81 718 118 779 ad
134 716 255 795 Aegatis
276 717 391 779 insulas
412 735 524 778 sumus.
562 716 641 796 quod
664 717 699 790 si,
721 717 750 778 id
768 717 845 796 quod
862 716 891 777 di
907 735 993 777 omen
1016 724 1162 788 auertant,

85 819 167 863 nnnc
196 819 317 881 quoque
339 802 459 863 lortuna
480 801 590 881 aliquid
612 802 786 875 uariauerit,
814 810 877 863 tum
904 819 1007 881 pacem
1028 800 1162 881 speratis,

83 904 153 949 cum
169 886 336 959 uinoemur,
360 904 449 965 quam
466 905 559 961 nunc,
582 905 650 948 cum
672 887 831 959 uincimus,
854 887 904 948 dat
918 882 1029 947 nemo?
1052 903 1117 964 ego,
1139 884 1165 946 si
1186 894 1201 942 5

84 971 154 1050 quis
166 970 205 1031 de
218 988 293 1050 pace
304 971 441 1033 consulet
451 989 504 1033 seu
517 972 639 1033 lerenda
648 970 783 1033 bostibus
795 989 847 1033 seu
862 970 1043 1049 accipienda,
1059 969 1163 1045 babeo,

38 1057 154 1135 mquid
177 1056 345 1117 sententiae
366 1056 477 1132 dicam;
499 1057 523 1118 si
544 1057 581 1117 de
603 1056 648 1130 iis,
671 1074 746 1135 quae
768 1055 853 1135 blago
877 1055 1014 1135 postulat,
1036 1056 1163 1129 refertis,

83 1159 142 1202 nee
171 1140 337 1202 uictoribus
365 1140 442 1202 mitti
470 1142 598 1202 attinere
625 1149 699 1220 puto
728 1149 759 1202 et
783 1140 994 1203 frustrantibus
1016 1158 1072 1201 nos
1093 1140 1163 1201 lalsa

82 1236 176 1304 atque
190 1225 274 1286 inani
288 1244 342 1305 spe
357 1225 450 1287 multo
465 1226 565 1287 minus
580 1243 690 1287 censeo
705 1226 847 1287 mittenda
859 1216 941 1287 esse.³
970 1225 1042 1286 baut
1057 1225 1166 1286 multos
1187 1232 1202 1283 6

82 1311 182 1372 messit
202 1310 360 1371 llannonis
382 1311 491 1385 oratio;
521 1328 590 1371 nam
614 1319 644 1371 et
665 1310 797 1373 simultas
820 1329 887 1372 cum
910 1310 1016 1371 lamilia
1039 1309 1164 1370 Barcina

82 1396 231 1457 leniorem
247 1403 398 1457 auctorem
412 1394 547 1469 iaciebat,
569 1404 600 1457 ct
614 1395 751 1475 occupati
772 1395 864 1456 animi
885 1394 1034 1475 praesenti
1055 1392 1165 1455 laetitia

37 1490 62 1541 lt
82 1480 176 1552 nibil,
204 1497 265 1559 quc
287 1480 395 1542 uanius
416 1481 502 1541 lieret
522 1480 662 1559 gaudium
682 1498 785 1555 suum,
814 1480 935 1541 auribus
962 1477 1165 1553 admittebant,

82 1564 326 1644 debellatumque
340 1584 411 1626 mox
430 1566 504 1638 lore,
526 1566 552 1626 si
566 1565 658 1627 adniti
672 1566 795 1645 paulum
818 1564 991 1638 uoluissent,
1013 1563 1165 1625 rebantur.

84 1650 188 1729 itaque
215 1650 332 1730 ingenti
360 1668 509 1711 consensu
537 1650 571 1710 fit
591 1660 713 1712 senatus
738 1650 922 1725 consultum,
954 1658 987 1711 ut
1008 1647 1203 1710 Hannibalis

84 1743 229 1814 quattuor
256 1734 337 1795 milia
362 1734 555 1796 Numidarum
586 1733 616 1796 in
647 1735 888 1814 supplementum
918 1735 1108 1796 mitterentur
1137 1742 1167 1794 et

85 1820 285 1899 qnadraginta
306 1818 455 1898 elephanti
477 1829 507 1880 et
520 1820 635 1897 argenti
656 1820 767 1881 talenta
783 1840 800 1879 s
817 1820 1001 1899 dictatorque
1022 1836 1091 1880 cunr
1106 1819 1167 1879 llla-
1189 1827 1204 1878 8

38 1916 65 1965 tu
83 1922 165 1983 gone
180 1904 211 1965 in
234 1903 406 1983 Hispaniam
428 1905 607 1984 praemissus
626 1914 672 1966 est
692 1904 728 1965 ad
751 1905 945 1966 conducenda
965 1904 1072 1982 uiginti
1086 1904 1166 1964 milia

85 1989 236 2069 peditum,
264 1997 405 2067 quattuor
433 1989 583 2068 equitum,
611 1989 720 2069 quibus
754 1990 915 2061 exercitus,
945 1989 995 2068 qui
1023 1988 1053 2050 in
1083 1988 1165 2049 ltalia

85 2076 199 2155 quique
221 2074 253 2134 in
277 2073 418 2153 Hispania
439 2081 536 2148 erant,
558 2074 779 2154 supplerentur.

174 2158 314 2221 Ceterum
333 2159 422 2232 baec,
451 2160 536 2221 utin
557 2159 698 2222 secundis
719 2159 823 2234 rebus,
853 2158 985 2238 segniter
1013 2157 1165 2236 otioseque
1182 2162 1218 2217 14

85 2252 185 2324 gesta3
199 2243 352 2305 Romanos
366 2252 484 2323 praeter
499 2244 617 2306 insitam
632 2244 807 2306 industriam
823 2243 929 2305 animis
944 2243 1063 2305 lorluna
1079 2243 1166 2304 etiam

39 2339 66 2389 a
86 2330 225 2390 cunctari
246 2327 432 2408 prohibebat
468 2347 538 2390 nam
561 2347 618 2390 nec
639 2329 746 2390 consul
774 2329 826 2391 ulli
848 2329 902 2402 rei,
925 2345 999 2407 quae
1021 2343 1076 2406 per
1098 2344 1166 2387 eum

87 2414 204 2493 agenda
227 2421 315 2487 esset,
337 2412 446 2486 deerat,
475 2421 504 2474 et
525 2413 651 2476 dictator
672 2414 711 2474 ll.
727 2414 831 2476 lunius
852 2413 927 2474 Pera
949 2411 1039 2473 rebus
1060 2411 1169 2473 diuinis
1190 2421 1204 2472 2

88 2497 233 2578 perlectis
252 2498 387 2576 latoque,
409 2507 443 2559 ut
463 2499 553 2573 solet,
581 2498 617 2559 ad
638 2499 798 2579 populum,
821 2507 854 2560 ut
876 2515 985 2578 equom
1007 2497 1167 2557 escendere

87 2583 208 2656 liceret,
232 2591 351 2661 praeter
372 2582 444 2644 duas
466 2582 595 2645 urbanas
616 2584 764 2662 legiones,
789 2601 865 2663 quae
887 2581 1035 2662 principio
1057 2580 1167 2642 annia

89 2666 267 2730 oonsulibus
288 2668 474 2748 conscriptae
489 2670 616 2743 lnerant,
639 2678 669 2730 et
682 2686 839 2730 seruorum
861 2667 999 2730 dilectum
1016 2666 1168 2728 cobortes-

175 2834 344 2889 flnineemur
360 2835 395 2886 Ρ
421 2835 554 2888 uincamus
574 2833 689 2901 P¹lego
707 2833 740 2886 Ρ1
769 2847 831 2900 ergo
848 2831 933 2898 P²l9
952 2833 1055 2886 ferenda
1073 2836 1171 2899 sers'pss'

89 2903 151 2955 um.
161 2903 224 2954 Liu.
238 2902 321 2954 11111
349 2901 484 2955 deferende
502 2919 538 2954 en
554 2901 663 2954 delenda
682 2902 714 2954 1²¹
746 2901 778 2954 de
796 2900 898 2954 luenda
917 2904 987 2956 eone.
1002 2900 1142 2964 Woelfflin

93 2973 125 3022 1⁰
137 2971 178 3022 bis
191 2985 243 3037 que
255 2969 299 3038 ΡΙ
310 2971 417 3036 repertls
428 2971 469 3037 ΡΙ
484 2973 516 3023 12
526 2969 596 3023 inani
609 2985 655 3038 spe
669 2969 751 3022 Gron.
775 2969 896 3036 inanique
907 2970 940 3020 Ρι
963 2969 1101 3037 inanisque
1116 2967 1150 3019 1³²

90 3038 189 3090 multos
206 3038 244 3088 1³²
271 3037 368 3089 multos
390 3036 487 3089 multos
505 3039 543 3089 Ρι
560 3037 570 3105 Ι
588 3040 619 3092 13
643 3037 747 3089 barsina
764 3037 797 3090 ΡΙ
830 3037 1169 3103 bercineaP²l18rnen

91 3110 193 3156 tionem
213 3119 408 3170 numerumque
426 3105 552 3170 peditans
574 3105 742 3157 intercidisse
764 3105 822 3157 coll.
846 3120 903 3170 cap.
920 3103 963 3168 32,
981 3107 998 3156 5
1019 3107 1170 3171 msplcatus

91 3171 352 3291 Drakenulquiglnti
367 3170 500 3241 peditum)
517 3177 628 3240 quatuor
643 3173 731 3240 suppl.
749 3177 858 3239 quatuor
874 3171 919 3242 <el
935 3172 1028 3238 uiginti
1064 3171 1160 3224 editum

94 3247 204 3376 err
217 3243 382 3370 ..aar
388 3241 754 3378 reluctarentur
764 3240 893 3360 nura
901 3211 1169 3307 >l

94 3376 252 3427 desidum
267 3373 375 3444 (mille)
390 3376 434 3428 tal.
449 3323 662 3445 Gronqmtgue)
679 3346 776 3442 argenti
796 3376 839 3428 tal.
853 3372 1013 3441 Alschefski,
1031 3377 1078 3440 que·
1111 3391 1171 3425 rae·

95 3448 171 3495 terea
187 3443 282 3496 telerna
300 3441 361 3562 (υέ
370 3444 531 3512 dictatorque
543 3447 612 3496 coni.
625 3444 636 3512 l
648 3449 677 3496 in
689 3445 799 3497 dictator
815 3460 911 3496 nomen
926 3445 1070 3510 proprium
1089 3391 1171 3494 batere

93 3515 200 3578 primus
215 3515 322 3563 nonam
362 3513 450 3564 iselser
462 3527 558 3578 progr.
571 3512 665 3578 Speier
678 3513 746 3567 1840
760 3529 787 3579 p.
799 3513 862 3578 9sq.
884 3517 910 3563 et
926 3515 956 3562 e'n
970 3514 1062 3577 prima
1080 3511 1171 3562 littera

96 3579 112 3630 d
129 3594 271 3630 nussam
288 3577 452 3632 talentorum
466 3579 662 3645 Weissenborn,
681 3583 729 3647 que·
745 3596 760 3631 n
779 3582 919 3648 bostarque
936 3582 1058 3644 coniecit,
1075 3593 1108 3630 oo
1125 3579 1171 3631 bo·

97 3654 203 3713 sterque
218 3648 264 3699 nel
283 3661 301 3699 o
319 3647 486 3716 certbaloque
503 3647 614 3713 Madvig
638 3665 659 3701 ss
675 3650 815 3716 bostarque
833 3648 993 3712 Wesenberg
1019 3661 1055 3698 uo
1073 3647 1172 3699 cartha-

97 3715 179 3782 loqne
194 3713 324 3768 lllenennn
335 3713 346 3783 l
358 3717 391 3770 20
409 3719 443 3767 ἰῐ
461 3716 576 3782 peditum
593 3719 636 3769 ιΤιῙ
652 3719 768 3785 equitum
786 3715 827 3784 ΡΙΙ
842 3717 874 3770 26
892 3731 952 3783 pere
972 3714 1054 3767 Gran
1081 3729 1126 3780 per
1142 3716 1172 3778 P,

99 3797 150 3834 ess.
168 3783 252 3850 ς119
270 3783 431 3838 conseribtse
448 3785 473 3835 P
