2734 4250
181 66 223 125 24
562 67 657 121 LIBER
674 68 764 135 xxvi,
781 70 823 124 20.
841 72 873 124 21
1106 96 1127 129 ι.
1143 88 1262 131 1111143
1354 96 1355 147 l

142 241 320 303 cmaiorem
349 240 483 303 inserens
511 249 633 303 metum.
692 241 723 303 in
753 240 877 302 hiberna
905 240 1014 304 diuersi
1042 252 1261 305 concesserant

148 392 150 396 ,
183 324 348 388 Hasdrubal
363 325 501 405 Gisgonis
515 328 659 405 usquead
676 326 828 389 Oceanum
849 336 878 388 et
892 325 990 399 Gadis,
1012 327 1096 407 llago
1112 327 1143 387 in
1160 326 1260 389 medi-

181 420 317 472 terranea
331 410 457 476 maxime
469 430 559 491 supra
568 412 813 475 Castulonensem
827 412 948 487 saltum;
965 411 1130 473 Hasdrubal
1142 412 1260 474 llamil-

183 495 259 559 caris
280 494 358 557 tilius
379 496 532 575 prosimus
552 496 665 559 Hibero
687 497 766 559 circa
789 498 954 577 Saguntum
976 496 1155 560 hibernauit.

144 591 159 640 t
266 581 392 643 Aestatis
413 581 477 644 eius
497 591 644 658 extrenm,
673 600 732 662 qua
754 590 838 662 capta
856 591 906 644 ost
927 582 1024 662 Capua
1047 591 1078 644 et
1099 581 1201 662 Scipio
1223 583 1259 644 in
1285 596 1301 645 t

181 664 353 746 Hispaniam
373 666 465 742 uenit,
488 666 599 729 Punica
619 667 720 729 classis
741 686 776 728 en
799 667 897 729 Sicilia
918 666 1079 729 Tarentum
1102 666 1196 729 accita
1218 668 1260 729 ad

181 751 327 813 arcendos
348 760 530 814 commeatus
551 752 678 833 praesidi
695 752 831 827 Romani,
853 751 932 831 quod
955 753 986 814 in
1009 770 1076 814 arce
1090 751 1262 815 'larentina

142 844 158 895 8
179 845 251 909 erat,
274 835 419 899 clauserat
441 836 559 915 quidem
576 838 673 900 omnis
691 838 727 899 ad
742 855 841 899 arcem
856 855 873 896 a
887 837 961 897 mari
975 838 1079 911 aditus,
1101 838 1153 899 sed
1176 837 1261 899 adsi·
1354 894 1355 901 ,

181 920 279 983 dendo
301 921 411 983 diutius
436 921 576 984 artiorem
605 941 756 984 annonam
783 922 871 985 sociis
898 940 986 1001 quam
1014 922 1092 985 hosti
1117 922 1261 984 iaciebat
1352 1000 1353 1003 Ἴ

143 1015 159 1066 9
181 1024 242 1068 non
265 1007 346 1068 enim
368 1015 482 1069 tantum
502 1007 628 1069 subuehi
656 1008 814 1088 oppidanis
842 1026 896 1087 per
922 1018 1025 1088 pacata
1052 1006 1138 1069 litora
1168 1026 1262 1087 aper·
1286 1020 1315 1069 tt

181 1100 288 1170 tosque
310 1100 415 1171 portus
436 1092 583 1171 praesidio
605 1093 726 1154 nauium
749 1092 929 1155 Punicarum
951 1101 1083 1173 poterat,
1108 1104 1262 1171 quantum
1352 1128 1353 1141 2

181 1177 325 1238 frumenti
346 1176 447 1239 classis
468 1177 531 1257 ipsa
552 1177 640 1239 turba
661 1177 759 1240 nauali
781 1178 869 1239 mixta
885 1178 1018 1239 exomni
1033 1196 1143 1257 genere
1158 1178 1261 1239 homi·
1352 1174 1353 1177 ’

131 1271 159 1322 to
182 1280 253 1323 num
275 1261 458 1336 absumebat,
479 1272 514 1324 ut
534 1263 611 1325 arcis
631 1262 808 1343 praesidium
832 1263 919 1324 etiam
944 1264 1010 1325 sine
1030 1263 1164 1337 inuecto,
1186 1264 1262 1343 quia

181 1348 269 1426 pauci
291 1356 392 1422 erant,
414 1366 450 1409 cx
472 1356 541 1410 ante
562 1356 738 1428 praeparato
760 1348 919 1410 sustentari
941 1355 1056 1429 posset,
1085 1347 1263 1412 Tarentinis

131 1440 158 1492 11
181 1431 327 1511 classique
342 1451 381 1494 ne
398 1432 551 1495 inuectum
565 1433 685 1513 quidem
701 1434 858 1496 sufficeret.
895 1433 1014 1494 tandem
1029 1433 1139 1494 maiore
1162 1434 1264 1513 gratia
1286 1444 1312 1493 11

182 1535 270 1596 qnam
293 1527 419 1579 uenerat
438 1517 539 1581 classis
560 1518 679 1581 dimissa
702 1528 754 1579 est
791 1536 910 1580 annona
928 1517 1005 1580 haud
1026 1518 1155 1580 multum
1177 1519 1263 1580 laxa-

181 1612 280 1676 uerat,
314 1603 383 1681 quia
409 1614 525 1666 remoto
552 1604 701 1665 maritimo
729 1603 875 1683 praesidio
908 1602 1035 1666 subuehi
1069 1604 1262 1666 frumentum

182 1704 244 1747 non
288 1696 392 1749 oterat

130 1779 166 1834 21
267 1706 406 1835 Iliiusdem
432 1774 551 1835 aestatis
579 1774 658 1835 exitu
680 1772 720 1834 Μ.
742 1772 898 1835 Marcellus
920 1792 956 1834 ex
978 1772 1076 1834 Sicilia
1096 1772 1262 1853 prouincia

182 1873 251 1918 cum
273 1858 308 1918 ad
330 1856 436 1919 urbem
458 1857 597 1930 uenisset,
620 1857 683 1920 aG.
699 1857 859 1938 Calpurnio
874 1866 1010 1938 praetore
1027 1866 1148 1919 senatus
1170 1858 1199 1919 ei
1223 1860 1262 1921 ad
1285 1866 1313 1917 tt

146 1954 161 2004 2
181 1941 284 2005 aedem
299 1941 440 2005 Bellonae
454 1943 541 2006 datus
555 1952 609 2005 est
645 1943 686 2005 ihi
710 1962 778 2005 cunr
800 1942 837 2003 de
853 1942 943 2005 rebus
957 1942 995 2003 ab
1009 1962 1042 2004 se
1055 1943 1146 2021 gestis
1162 1942 1260 2005 disse-

183 2028 300 2102 ruisset,
326 2037 448 2108 questus
469 2028 576 2090 leniter
597 2047 659 2091 non
680 2046 765 2091 suam
785 2028 878 2107 magis
900 2046 989 2107 quam
1006 2026 1132 2089 militum
1147 2029 1261 2105 uicem,

184 2113 262 2193 quod
274 2114 428 2194 prouincia
439 2116 575 2176 conlecta
587 2114 748 2177 exercitum
760 2114 916 2194 deportare
927 2133 988 2176 non
1001 2112 1142 2188 licuisset,
1151 2124 1262 2193 postu·

182 2199 263 2273 lauit,
291 2209 324 2262 ut
346 2200 539 2280 triumphanti
559 2199 664 2261 urbem
687 2200 762 2261 inire
785 2200 895 2260 liceret.
939 2199 969 2260 id
991 2217 1052 2260 non
1076 2199 1261 2279 impetrauit.

146 2297 161 2347 a
182 2303 251 2347 eum
273 2285 373 2347 multis
395 2285 496 2347 uerbis
509 2295 609 2347 actum
623 2294 710 2360 esset,
732 2294 832 2346 utrum
849 2284 949 2346 minus
963 2284 1148 2356 conueniret,
1172 2285 1263 2348 ouius
1284 2291 1312 2342 11

184 2369 305 2432 nomine
326 2368 458 2432 admotis
479 2369 518 2432 on
540 2389 589 2432 res
610 2388 753 2450 prospere
774 2370 866 2432 ductu
888 2369 952 2431 eius
969 2376 1066 2448 gestas
1079 2369 1261 2449 supplicatio

184 2453 302 2517 decreta
323 2458 402 2517 soret
422 2465 453 2517 et
474 2455 519 2516 dis
540 2454 755 2517 immortalibus
776 2453 894 2516 habitus
915 2455 1027 2528 honos,
1057 2454 1085 2515 ei
1107 2456 1261 2534 praesenti

146 2554 162 2604 1
184 2559 294 2621 negare
309 2541 502 2620 triumphum,
518 2558 556 2602 an
568 2558 659 2620 quem
672 2541 790 2602 tradere
801 2539 963 2602 exercitum
974 2538 1138 2601 successori
1153 2539 1262 2602 iussis-

184 2635 259 2701 sent,
282 2627 361 2704 quod
383 2625 442 2687 nisi
458 2637 598 2688 manente
619 2627 650 2688 in
672 2624 828 2705 prouincia
850 2623 928 2686 bello
950 2643 1012 2686 non
1035 2624 1260 2698 decemeretur,

184 2728 252 2770 eum
275 2711 358 2789 quasi
380 2709 526 2772 debellato
552 2710 750 2790 triumphare,
779 2728 847 2771 cum
875 2709 1022 2772 exereitus
1050 2708 1133 2770 testis
1160 2710 1261 2772 meriti
1282 2718 1309 2768 at

184 2803 273 2873 atque
288 2794 426 2856 immeriti
439 2794 582 2876 triumphi
594 2796 718 2870 abesset,
732 2795 860 2857 medium
872 2795 979 2868 uisum,
994 2801 1028 2855 ut
1041 2809 1136 2855 ouans
1150 2793 1259 2856 urbem

147 2891 163 2942 5
184 2879 284 2940 iniret.
320 2879 432 2940 tribuni
454 2877 551 2958 plebis
573 2899 610 2943 ex
630 2880 805 2943 auctoritate
827 2889 948 2942 senatus
962 2879 998 2940 ad
1014 2878 1158 2959 populum
1180 2881 1259 2941 tule-

183 2972 265 3038 runt,
288 2973 321 3026 ut
342 2964 380 3025 ll.
403 2964 550 3040 llareello,
574 2966 702 3045 quodie
724 2966 829 3027 urbem
853 2983 947 3027 ouans
967 2965 1073 3037 iniret,
1099 2963 1260 3043 imperium

146 3064 163 3115 c
184 3059 271 3111 esset
305 3049 400 3129 pridie
415 3067 503 3128 quam
519 3049 624 3113 urbem
640 3051 739 3125 iniret,
755 3051 785 3113 in
801 3060 904 3112 monte
918 3049 1032 3111 Albano
1047 3048 1260 3128 triumphauit;

253 3200 401 3320 ipisconis
417 3200 563 3266 Pisandis
579 3199 651 3269 Pte
669 3199 982 3268 eiusP²aeiusP¹llqua
1001 3200 1194 3252 amessiam
1225 3213 1259 3252 uo

184 3269 225 3334 ΡΙ
239 3271 281 3323 da
312 3273 339 3334 ς,
358 3267 461 3334 11121
473 3271 487 3320 ‘l
501 3267 626 3334 urgendos
639 3267 681 3336 ΡΙ
694 3271 710 3321 9
723 3268 791 3320 hosti
803 3272 823 3333 ς
834 3267 918 3320 hostis
929 3265 1211 3328 PlrostibusAleeltese
1235 3267 1260 3333 Ἰ

187 3339 218 3391 16
235 3337 333 3389 laxauit
352 3339 399 3389 est
419 3337 504 3389 laxata
526 3343 567 3388 est
590 3341 739 3402 exspectem·
760 3335 865 3388 dimissa
887 3351 1013 3388 annonam
1032 3336 1056 3387 lr.
1075 3350 1108 3386 na.
1126 3335 1259 3388 laxauerat

184 3408 254 3457 omri.
278 3405 359 3458 Gran.
369 3405 382 3486 Ι
397 3408 426 3458 tt
446 3405 574 3457 maritirm
596 3421 631 3456 aar
648 3404 794 3458 marritimo
811 3404 843 3455 1³¹
858 3403 868 3472 ΙΙ
884 3407 916 3457 19
933 3404 1025 3457 aetatis
1043 3403 1083 3468 1²¹,
1109 3419 1180 3454 corr.
1198 3401 1259 3466 ΡΙΙ

185 3472 269 3525 exitus
281 3473 324 3539 ΡΙ
335 3473 436 3526 extollis
449 3473 492 3539 ΡΙ
503 3473 536 3526 20
549 3473 651 3525 uenisse
662 3472 705 3538 1²¹,
717 3487 786 3524 eorr.
798 3471 833 3524 Ρ·
844 3471 854 3540 ΙΙ
868 3475 899 3526 21
912 3471 1066 3524 deseruisset
1078 3469 1119 3589 P)
1135 3473 1168 3524 22
1181 3485 1259 3538 quae-

185 3547 242 3592 stus
259 3539 301 3608 ΡΠ
314 3555 387 3592 suern
404 3540 440 3592 Ρ
457 3555 514 3593 snm
531 3540 563 3593 1²¹
576 3540 586 3607 Ι
599 3542 632 3593 25
650 3540 734 3592 minus
752 3543 771 3606 ς
788 3541 863 3592 nimis
880 3538 916 3607 ΡΙ
936 3541 969 3593 29
987 3555 1038 3592 111
1056 3543 1076 3604 ς
1119 3538 1179 3590 ldae
1197 3553 1256 3591 num

183 3608 226 3672 1²¹,
243 3608 292 3659 del.
310 3608 345 3658 1³⁸
362 3623 502 3676 numquam
519 3612 589 3660 esni.
610 3608 797 3660 Weissenborn
809 3607 819 3675 l
831 3610 864 3661 30
882 3606 914 3660 de
949 3607 1158 3672 llatorinnrpliare
1175 3607 1208 3658 1¹¹
1225 3606 1257 3658 de

184 3674 255 3728 bello
268 3675 423 3749 tripmplrare
434 3675 468 3729 Ρ
501 3677 584 3729 meriti
597 3693 650 3729 rae.
666 3693 702 3728 11
712 3676 810 3728 mentis
821 3677 863 3744 ΡΙ
877 3677 909 3730 31
922 3683 975 3744 atq.
987 3677 1063 3729 Paut
1074 3677 1144 3727 esni.
1158 3674 1256 3739 mont

185 3743 280 3809 3311]
299 3758 333 3796 m.
351 3759 437 3797 marco
503 3760 588 3799 marco
605 3743 639 3796 Ρ
651 3745 662 3812 Ι
673 3745 736 3797 urbe
754 3745 778 3797 P
