2734 4250
180 110 242 171 280
570 106 664 160 HBER
682 105 760 173 XXV,
779 108 820 159 31.
833 108 866 159 32
1126 123 1252 166 ..ΗΜ

180 294 322 365 quaestor
343 300 412 344 cum
434 279 579 362 praesidio
602 280 638 341 ad
653 279 778 341 Nassum
801 274 993 339 obtinendam
1012 288 1042 338 et
1055 279 1253 357 accipiendam

114 404 117 407 ⁴
181 370 338 451 pecuniam
354 367 465 446 regiam
476 364 759 443 custodiendamque
774 364 890 426 missus.
915 362 1081 425 Achradina
1092 362 1254 444 diripienda

182 454 268 517 militi
289 454 355 515 data
377 461 423 513 est
443 449 616 513 custodibus
638 449 739 511 diuisis
761 467 816 529 per
838 448 941 510 domos
964 466 1084 524 eorum,
1106 449 1157 527 qui
1178 450 1255 511 intra
1349 515 1350 534 1

143 539 326 621 epraesidia
347 537 481 598 Romana
509 537 637 596 lucrant.
680 552 749 595 cum
778 534 870 595 multa
896 534 972 608 irae,
1001 534 1091 595 multa
1118 536 1255 597 numidae
1349 536 1350 617 1

182 624 269 687 sceda
290 622 422 702 exempla
444 621 619 693 ederentur,
642 618 839 680 Archimeden
862 619 1022 681 memoriae
1044 618 1190 697 proditum
1214 628 1288 683 estt
1349 622 1350 653 ³

182 711 213 771 in
229 717 313 771 tanto
334 707 474 779 tumultu,
496 715 639 784 quantum
657 722 752 784 pauor
767 712 870 783 captae
893 702 1020 765 urbisin
1036 704 1170 767 discursu
1185 705 1255 767 diri-

182 794 327 874 pientium
341 792 466 853 militum
478 790 557 852 ciere
572 797 697 869 poterat,
713 789 861 851 intentum
877 788 988 862 lormis,
1003 808 1076 868 quas
1087 788 1117 852 in
1134 790 1256 870 puluere

130 892 160 943 1⁰
181 878 393 957 descripserat,
416 876 452 937 ab
475 875 578 955 ignaro
600 874 708 951 milite,
731 874 798 953 quis
820 883 913 949 esset,
934 874 1140 951 interlectum;
1169 894 1256 954 aegre

183 964 213 1025 id
235 963 406 1025 HarceHum
428 961 529 1022 tulisse
551 960 782 1040 sepulturaeque
807 976 909 1021 curam
931 959 1059 1021 habitam
1081 970 1111 1022 et
1131 961 1256 1040 propin·

182 1048 249 1128 quis
271 1048 359 1109 etiam
375 1045 523 1127 inquisitis
545 1044 653 1106 honori
674 1043 880 1123 praesidioque
902 1062 1013 1105 nornen
1036 1063 1070 1106 ae
1086 1045 1256 1107 memoriam
1278 1056 1302 1107 u

131 1145 159 1196 11
182 1134 246 1196 eius
267 1133 367 1195 luisse.
412 1133 469 1193 boc
491 1148 626 1191 maxume
647 1129 736 1190 modo
759 1129 921 1209 Syracusae
946 1137 1067 1208 captae;
1095 1130 1125 1192 in
1150 1129 1258 1210 quibus

183 1219 308 1299 praedae
326 1226 442 1279 tantum
457 1215 522 1289 luit,
544 1223 688 1294 quantum
705 1214 754 1275 uix
770 1223 855 1293 capta
869 1212 1046 1294 Carthagine
1068 1222 1130 1277 tum
1145 1216 1257 1287 luisset,

182 1321 250 1366 cum
273 1321 330 1382 qua
353 1301 467 1364 uiribus
488 1299 590 1378 aequis
611 1298 788 1361 certabatur.

131 1400 161 1451 12
267 1387 373 1449 Paucis
394 1395 464 1447 ante
485 1384 598 1458 diebus,
621 1402 710 1463 quam
733 1384 895 1464 Syracusae
916 1392 1110 1464 caperentur,
1137 1384 1170 1445 Τ.
1188 1385 1258 1447 Ota-

183 1474 267 1535 cilius
282 1491 350 1535 cum
372 1469 639 1551 quinqueremibus
660 1470 809 1549 octoginta
826 1468 937 1530 Vticam
954 1469 991 1530 ab
1008 1468 1146 1549 Lilybaeo
1162 1478 1258 1533 trans-
1279 1480 1304 1532 tt

131 1570 159 1620 ta
181 1559 260 1621 misit
275 1566 315 1630 et,
337 1574 405 1618 cum
428 1564 497 1617 ante
511 1555 608 1616 lucem
627 1564 748 1634 portum
770 1554 918 1626 intrasset,
941 1555 1092 1617 onerarias
1106 1556 1258 1619 lrumento

182 1653 304 1706 onustas
326 1642 414 1721 cepit,
436 1657 633 1719 egressusque
656 1640 687 1701 in
710 1649 820 1700 terram
842 1638 1038 1720 depopulatus
1060 1649 1105 1702 est
1124 1640 1258 1721 aliquan·

182 1737 245 1788 tum
261 1726 322 1807 agri
338 1726 416 1788 circa
432 1725 543 1787 Vticam
563 1724 763 1805 praedamque
781 1724 878 1787 omnis
893 1724 1011 1804 generis
1026 1734 1105 1786 retro
1121 1725 1157 1786 ad
1173 1727 1259 1789 nauis
1352 1742 1353 1751 ¹

131 1823 160 1873 tt
182 1813 250 1891 egit.
295 1810 467 1891 Lilybaeum
493 1810 582 1871 tertio
604 1809 668 1883 die,
699 1827 787 1889 quam
809 1808 879 1870 inde
907 1810 1059 1889 profectus
1082 1818 1161 1884 erat,
1190 1830 1257 1875 cum

184 1906 305 1958 centnm
327 1895 447 1975 triginta
469 1895 613 1956 onerariis
635 1894 763 1957 nauibus
783 1894 932 1955 frumento
955 1896 1124 1974 praedaque
1146 1898 1261 1959 onustis
1280 1906 1305 1955 at

129 1991 158 2042 15
179 1980 267 2042 rediit
294 1980 383 2059 idque
410 1980 593 2042 frumentum
622 1979 771 2059 extemplo
800 1979 959 2059 Syracusas
987 1980 1083 2053 misit;
1116 1982 1199 2060 quod
1227 1982 1258 2044 ni
1353 1986 1354 1989 ’

182 2076 241 2128 tam
263 2066 294 2128 in
318 2076 451 2145 tempore
473 2064 676 2140 subuenisset,
703 2063 868 2128 uictoribus
890 2064 1036 2145 metisque
1058 2066 1169 2146 pariter
1190 2086 1259 2149 per·

183 2152 296 2214 nicioea
317 2153 409 2213 lames
430 2151 568 2212 instabat.

128 2240 169 2299 82
268 2237 378 2298 Eadem
400 2244 509 2298 aestate
530 2236 562 2296 in
584 2235 736 2315 Hispania,
762 2253 829 2296 curn
851 2235 973 2296 biennio
996 2236 1090 2297 lerme
1112 2237 1186 2298 nibil
1209 2238 1260 2299 ad·
1354 2281 1355 2286 η

182 2323 302 2384 modum
317 2320 510 2383 memorabile
531 2321 641 2381 lactum
656 2329 735 2382 esset
749 2320 939 2399 consiliisque
955 2321 1047 2400 magis
1070 2339 1157 2400 quam
1172 2323 1262 2384 armis
1281 2329 1306 2382 25

182 2408 292 2469 beHum
315 2415 481 2486 gereretur,
510 2405 636 2466 Humani
658 2404 852 2485 imperatores
874 2405 984 2484 egressi
1006 2405 1139 2469 bibernis
1161 2409 1261 2488 copias

145 2502 161 2552 2
182 2493 413 2554 coniunxerunt.
452 2490 493 2551 ibi
514 2490 672 2551 consilium
694 2490 880 2564 aduocatum,
903 2490 1097 2571 omniumque
1118 2491 1259 2554 inunum

182 2586 389 2657 congruerunt
409 2575 585 2651 sententiae,
607 2575 728 2654 quaudo
743 2576 779 2636 ad
798 2576 827 2636 id
849 2575 983 2636 locorum
999 2574 1028 2636 id
1051 2575 1139 2638 modo
1160 2588 1260 2639 actum

143 2669 159 2721 t
181 2671 268 2735 esset,
291 2672 324 2724 ut
339 2659 551 2723 Hasdrubalem
574 2659 746 2722 tendentem
765 2661 795 2721 in
814 2659 924 2721 ltaliam
944 2661 1119 2736 retinerent,
1141 2671 1260 2744 tempus

181 2765 246 2809 esse
268 2747 296 2807 id
319 2747 377 2807 iam
400 2745 462 2824 agi,
486 2754 519 2806 ut
539 2744 650 2807 beHum
672 2746 703 2806 in
728 2745 868 2825 Hispania
890 2745 1036 2807 finiretur.
1080 2757 1110 2808 et
1132 2747 1203 2810 satis
1225 2748 1259 2810 ad
1278 2757 1304 2806 et

181 2831 212 2892 id
235 2831 344 2892 uirium
371 2828 534 2892 credebant
559 2829 719 2892 accessisse
747 2829 853 2910 uiginti
881 2830 959 2892 milia
988 2830 1203 2894 Celtiberorum
1226 2851 1258 2894 ea

271 3032 282 3081 l
303 3027 335 3080 ad
354 3043 444 3083 oneum
463 3029 629 3083 obtinendam
654 3035 680 3083 et
698 3029 870 3098 accipiendam
891 3032 1035 3085 Weissenb.
1061 3033 1094 3085 ab
1112 3046 1215 3085 nemum
1234 3039 1259 3086 et

181 3097 357 3165 accipiendam
369 3099 394 3148 P
416 3097 448 3150 ad
466 3113 556 3151 nanum
575 3098 607 3150 ad
626 3114 679 3153 ace.
694 3104 722 3164 ς,
740 3099 810 3150 idam
827 3099 913 3150 aeliu
932 3115 1022 3152 nasum
1039 3099 1071 3151 ad
1084 3115 1137 3153 acc.
1151 3101 1258 3154 Wesen-

181 3168 246 3230 berg
281 3180 371 3218 nasum
395 3164 427 3218 ad
451 3181 504 3219 acc.
522 3166 849 3232 Marogamatrae&
866 3168 898 3219 ad
917 3171 1030 3232 [nemum
1049 3171 1084 3232 et]
1102 3183 1155 3222 aec.
1173 3169 1258 3221 malet.

181 3237 249 3286 cont.
263 3234 295 3286 H.
307 3235 331 3286 J.
344 3233 456 3286 Mueller
468 3235 508 3286 ed
523 3233 621 3288 Tenba.
645 3233 677 3286 ab
692 3249 754 3286 naso
767 3233 800 3286 ad
812 3250 865 3290 aee.
881 3235 966 3303 Geyer
978 3251 1020 3298 ap.
1035 3237 1066 3288 H.
1078 3237 1103 3289 J.
1115 3236 1235 3288 Hueller.
1251 3237 1260 3302 1

181 3302 351 3356 Pacbradiua
374 3303 435 3356 add.
456 3304 609 3369 Weissenb,
634 3307 683 3370 qm·
699 3303 764 3362 sort.
780 3303 863 3368 plau-a
885 3304 1052 3356 intereidlrre
1070 3308 1147 3368 cond,
1170 3321 1221 3357 carr.
1239 3307 1262 3356 P

181 3371 242 3423 urbe
259 3373 305 3423 uel
321 3376 406 3423 eetera
424 3370 517 3437 praeda
536 3371 599 3424 add.
615 3375 651 3436 ς,·
668 3370 727 3424 data
745 3369 911 3440 (aebredina)
923 3371 1053 3424 rtemann
1065 3371 1075 3439 11
1088 3374 1104 3424 3
1117 3378 1157 3426 est
1173 3377 1193 3438 ς
1219 3379 1258 3425 est

181 3441 208 3489 et
225 3439 249 3488 P
273 3446 357 3492 cetera
376 3439 482 3491 Harant
497 3439 539 3505 14
556 3439 658 3491 luerent
676 3443 697 3501 ς
723 3438 825 3491 luerunt
843 3440 889 3508 ΡΙ
908 3443 924 3494 6
942 3455 1023 3506 pauor
1040 3445 1131 3506 captae
1147 3440 1259 3506 iladvig

179 3512 326 3571 praeeunte
354 3513 444 3574 captae
463 3522 543 3574 panor
559 3507 702 3559 Woesma.
730 3512 821 3572 captae
833 3509 870 3570 P;
887 3513 977 3576 ceptae
995 3511 1075 3560 terror
1089 3508 1158 3561 urbis
1169 3509 1257 3560 Hoett-

180 3574 243 3624 eber
269 3578 359 3639 captae
377 3574 448 3627 urbis
460 3575 584 3642 strepitus
595 3575 749 3636 Alschefski
760 3575 770 3642 11
784 3575 953 3643 diripiendum
967 3575 1008 3643 Py
1023 3577 1037 3628 8
1054 3575 1216 3642 discripserat
1228 3578 1257 3640 P,

179 3656 250 3692 cerr.
269 3642 314 3708 ςΙ
333 3645 363 3694 10
382 3643 504 3694 memoria
523 3645 546 3694 P
562 3642 572 3710 1
592 3646 622 3696 11
641 3641 735 3710 praede
753 3644 799 3706 Py
817 3645 846 3696 13
866 3660 915 3712 qua
934 3644 984 3696 del.
1003 3643 1113 3710 Madvig
1126 3645 1136 3712 1
1150 3647 1179 3696 15
1197 3643 1256 3711 lily·

177 3708 271 3840 ibdeogP
284 3711 301 3828 1
314 3711 344 3790 19
359 3707 485 3828 lglyllpeum
505 3709 550 3779 ΡΙΙ
570 3713 601 3766 at
623 3711 698 3763 rediit
716 3714 735 3775 ς
760 3710 827 3763 redit
844 3714 868 3763 Ρ
884 3713 894 3780 11
913 3715 945 3764 22
964 3711 1090 3781 pernicior
1107 3713 1131 3764 P
1146 3712 1156 3780 1
1173 3713 1205 3764 28
1223 3711 1255 3764 ad

269 3790 283 3827 a
318 3791 367 3828 rer
