2734 4250
199 114 260 174 180
566 115 661 170 tibuit
679 115 789 184 XXVIII,
806 120 847 172 41).
866 119 896 173 tt
1124 147 1145 180 a.
1159 149 1181 180 u.
1197 147 1219 181 c.
1233 139 1276 181 ott

197 298 286 370 atque
309 288 438 352 inuidiae
459 289 604 351 aduersus
624 299 808 352 crescentem
834 289 864 350 in
888 289 950 351 dies
971 290 1095 370 gloriam
1118 292 1275 354 fortissimi

159 387 175 438 9
196 374 337 436 consulis.
371 393 388 434 a
404 392 461 453 qua
476 374 646 454 suspicione
659 374 685 436 si
708 392 755 436 me
778 392 876 453 neque
891 375 951 437 uita
967 383 1032 437 acta
1054 385 1085 436 ct
1098 395 1197 439 mores
1212 379 1275 439 mei

198 477 296 538 neque
318 459 461 521 dictatura
490 476 557 520 cum
580 459 714 538 quinque
740 459 942 522 consulatibus
962 468 1138 540 tantumque
1159 461 1275 542 gloriae

197 543 266 605 belli
289 542 428 622 domique
449 553 550 624 partae
573 544 717 618 uindicat,
745 553 780 605 ut
805 545 930 624 propius
957 545 1103 607 festidium
1129 547 1192 609 eius
1213 547 1274 609 sim

197 646 284 707 quam
300 628 487 703 desiderium,
509 638 588 690 aetas
608 629 714 689 saltem
735 627 851 690 liberet.
881 647 957 708 quae
979 630 1058 691 enim
1075 631 1147 692 mibi
1168 649 1275 693 aernu-
1302 646 1320 696 ⁵

196 712 267 774 latio
295 731 363 774 cum
393 731 429 774 eo
451 731 515 774 esse
537 722 650 794 potest,
680 713 731 792 qui
760 732 799 775 ne
827 713 888 774 lilio
910 713 1028 794 quidem
1051 733 1117 777 meo
1139 716 1276 795 aequalis

147 809 177 861 tu
196 795 257 860 stat
290 817 339 859 me
361 797 551 870 dictatorem,
576 816 644 859 cum
666 797 800 878 uigerem
821 799 917 860 adhuc
938 798 1054 861 uiribus
1075 809 1105 862 et
1126 800 1156 862 in
1179 819 1273 864 cursu

196 882 389 944 maximarum
405 900 505 945 rerum
520 901 623 955 essem,
646 891 834 945 recusantem
858 902 946 946 nemo
968 884 1068 945 autin
1091 892 1196 947 senatu
1220 895 1275 949 aut

198 976 269 1048 aput
282 967 426 1049 populum
441 968 562 1040 audiuit,
584 968 759 1046 quominus
775 969 929 1030 insectanti
951 986 999 1030 me
1021 969 1161 1050 magistro
1184 971 1274 1049 equi·

196 1061 271 1125 tum,
294 1053 372 1131 quod
395 1054 485 1115 lando
508 1070 670 1132 numquam
692 1063 761 1114 ente
776 1052 908 1114 auditum
931 1063 1003 1128 erat,
1026 1053 1183 1134 imperium
1204 1073 1273 1117 me·
1302 1071 1335 1122 tu

146 1147 174 1199 11
197 1156 264 1199 cum
294 1148 488 1216 aequaretur:
516 1138 607 1199 rebus
636 1155 723 1215 quam
752 1137 854 1200 uerbis
874 1138 995 1218 adsequi
1016 1139 1121 1214 malui,
1147 1150 1194 1213 ut,
1219 1141 1275 1219 qui

196 1223 319 1286 aliorum
335 1222 444 1284 iudicio
458 1222 530 1285 mibi
551 1231 739 1302 comparatus
759 1233 832 1296 erat,
854 1241 906 1284 aua
927 1241 994 1284 mor
1011 1224 1199 1286 consessione
1222 1243 1274 1288 nte

146 1319 175 1370 11
195 1308 251 1370 sibi
279 1309 457 1388 praeferrem
487 1308 596 1370 nedum
625 1325 681 1385 ego
709 1307 885 1386 perfunctus
914 1306 1080 1370 bonoribus
1107 1310 1274 1371 certamina

196 1393 269 1454 mibi
296 1402 385 1473 etque
412 1392 622 1456 aemulationes
648 1410 717 1453 cum
745 1391 934 1455 adulescente
960 1392 1171 1454 florentissimo
1196 1411 1274 1473 pro·

145 1490 174 1541 tt
195 1496 322 1558 ponam:
344 1477 484 1540 uidelicet
497 1486 531 1539 ut
545 1476 617 1538 mibi
632 1476 763 1538 uiuendo
779 1477 845 1552 lom,
865 1496 926 1539 non
944 1477 1038 1540 solum
1055 1476 1146 1540 rebus
1160 1496 1273 1558 geren·
1302 1495 1332 1544 tt

196 1563 242 1625 dis
262 1565 357 1635 tesso,
385 1563 410 1625 si
433 1562 504 1625 huic
525 1571 630 1640 negata
653 1562 759 1637 luerit,
781 1562 879 1623 blrica
900 1562 1055 1643 prouincia
1082 1561 1273 1625 decernatur.

195 1666 263 1710 cunr
286 1667 320 1708 ea
342 1648 449 1728 gloria,
477 1665 553 1727 quae
578 1654 662 1726 parta
683 1657 743 1720 est,
772 1647 934 1709 uiuendum
963 1654 1052 1727 atque
1080 1647 1272 1710 moriendum

146 1741 176 1794 11
195 1740 250 1794 est.
295 1734 416 1794 uincere
446 1751 501 1810 ego
523 1731 662 1812 prohibui
685 1729 900 1807 Hannibalem,
922 1740 957 1794 ut
978 1750 994 1792 a
1015 1731 1117 1806 uubis,
1139 1750 1273 1812 quorum

145 1817 398 1895 unigentium
415 1817 503 1890 uires,
526 1817 613 1878 etiam
637 1817 718 1878 uinci
739 1825 850 1896 posset.
885 1816 957 1878 illud
972 1825 1001 1879 te
1015 1817 1086 1878 mibi
1101 1816 1271 1896 ignoscere,

196 1902 230 1964 P.
246 1900 376 1977 Corneli,
399 1919 526 1981 aequum
548 1902 614 1974 erit,
636 1901 671 1975 si,
694 1919 761 1963 cum
785 1902 881 1963 inme
903 1902 968 1981 Ipso
990 1919 1151 1981 numquam
1173 1903 1273 1983 pluris
1298 1917 1329 1966 1]

195 1987 301 2048 lamam
323 1986 477 2049 bominum
493 2005 580 2066 quam
603 2004 665 2046 rem
680 1985 827 2066 publicam
843 1987 975 2060 fecerim,
998 2005 1037 2048 ne
1052 1996 1132 2047 tuam
1148 1985 1271 2066 quidem

159 2085 174 2136 1
194 2070 317 2152 gloriam
339 2070 421 2135 bono
444 2072 563 2153 publice
586 2088 785 2152 praepouam;
814 2089 1009 2152 quamquam,
1037 2071 1062 2134 si
1084 2080 1135 2134 aut
1156 2071 1271 2136 bellum

196 2157 311 2220 nullum
334 2158 365 2219 in
382 2157 464 2219 Italia
486 2166 537 2219 aut
558 2158 584 2219 is
598 2157 691 2219 bostis
713 2168 799 2231 esset,
822 2174 934 2236 exque
955 2158 1036 2219 uictu
1059 2156 1133 2218 nibil
1154 2156 1271 2238 gloriae

196 2252 405 2323 quaereretur,
434 2243 486 2323 qui
516 2252 545 2304 te
574 2241 603 2303 in
627 2241 708 2303 ltalia
731 2242 888 2317 retineret,
915 2242 969 2305 etsi
992 2242 1021 2303 id
1042 2240 1123 2320 bono
1145 2241 1270 2321 publico

195 2329 324 2402 iaceret,
356 2328 442 2390 simul
464 2345 533 2389 cum
554 2326 632 2388 bellu
655 2326 808 2387 materiam
829 2327 940 2405 gloriae
961 2336 1029 2389 tuae
1052 2326 1110 2388 isse
1131 2337 1271 2407 ereptum
1297 2341 1329 2393 25

159 2426 173 2476 e
195 2414 290 2475 uideri
319 2424 429 2493 posset.
472 2429 541 2474 cum
569 2430 643 2474 uero
664 2410 813 2473 Hannibal
842 2412 935 2474 bostis
963 2410 1107 2473 incolumi
1134 2412 1270 2475 exercitu

196 2506 334 2576 quartum
349 2498 497 2559 decimum
510 2514 621 2559 annum
634 2496 746 2558 ltaliam
762 2496 903 2576 opsideat,
918 2494 1082 2576 paenitebit
1094 2505 1133 2571 te,
1149 2497 1181 2557 P.
1194 2496 1270 2559 Gor·

195 2583 272 2655 nell,
294 2582 405 2662 gloriae
427 2592 509 2655 tuae,
532 2582 557 2645 si
578 2582 694 2643 bostem
712 2598 800 2653 eum,
825 2582 877 2661 qui
899 2589 943 2642 tot
964 2583 1120 2655 lunerum,
1141 2589 1188 2643 tot
1207 2582 1270 2643 cla·

195 2666 275 2730 dium
290 2667 379 2729 uobis
394 2686 480 2729 causa
496 2668 561 2743 luit,
583 2676 615 2729 tu
631 2666 737 2729 consul
753 2665 832 2727 ltalia
849 2666 997 2747 expuleris
1020 2676 1058 2739 et,
1081 2666 1158 2728 sicut
1174 2685 1270 2746 penes

196 2752 228 2813 G,
244 2752 392 2813 Lutatium
408 2753 515 2833 prioris
531 2751 635 2814 Punici
650 2750 811 2831 perpetreti
827 2750 896 2813 belli
912 2750 1015 2813 titulus
1029 2750 1094 2825 luit,
1117 2751 1156 2812 ita
1174 2769 1271 2831 penes
1296 2764 1332 2817 w

159 2844 224 2897 tte
252 2836 342 2897 buius
371 2834 481 2899 luerit?
513 2837 571 2898 nisi
592 2844 644 2899 out
665 2835 813 2897 Hamilcar
835 2834 993 2897 Hannibali
1021 2835 1080 2897 dux
1108 2844 1153 2897 est
1179 2854 1269 2916 prae-

263 2970 280 3021 1
298 2970 411 3021 consulis
428 2969 467 3020 2¹
483 2985 528 3022 eos
546 2969 593 3037 ΡΙ
611 2972 626 3023 3
646 2968 822 3021 consulatibus
839 2968 876 3019 2¹
894 2967 1071 3020 consularibus
1088 2968 1159 3089 Ὗ
1177 2976 1269 3034 partae

194 3036 253 3089 P2¹
270 3043 370 3102 partum
388 3041 407 3102 ς
424 3036 460 3099 cf.
478 3038 589 3103 Madvig
605 3038 664 3089 Eue
684 3035 1006 3103 bio.4102q.liastidIus
1023 3036 1064 3104 ΡΙ
1078 3035 1124 3088 oti
1143 3043 1197 3089 eret
1207 3038 1269 3089 P2¹

194 3104 287 3157 liberat
309 3105 364 3156 2¹?
381 3105 470 3173 lquue
487 3106 524 3155 2¹
545 3120 620 3173 quem
639 3104 685 3172 ΡΙ
703 3103 840 3158 aemulatio
858 3103 896 3154 2¹
917 3104 1073 3168 aetfmelotio
1092 3105 1123 3156 P¹
1144 3111 1187 3156 aet
1208 3120 1268 3158 mea

193 3174 259 3225 ratio
278 3174 312 3226 P¹
323 3172 361 3240 18
379 3188 463 3226 essem
480 3173 517 3225 2¹
534 3188 592 3226 esee
604 3172 674 3240 Pii
693 3174 789 3239 aputP
804 3172 836 3224 ad
849 3172 906 3237 212
919 3172 1088 3236 insecutor
1104 3174 1269 3238 inspectante

192 3241 276 3310 1²2¹}
289 3244 320 3296 ld
338 3241 407 3310 qnod
425 3242 463 3292 2¹
480 3258 532 3309 qno
549 3241 764 3307 ΡΙ111110111111
782 3242 805 3291 Ρ
819 3240 963 3306 aliquorum
980 3241 1016 3289 2¹
1031 3240 1197 3306 lm01P¹2¹
1208 3255 1268 3293 max

193 3311 226 3361 P¹
245 3308 256 3378 Ι
275 3312 306 3362 tt
330 3310 515 3362 aemulationes
532 3308 570 3359 2¹
592 3309 764 3361 aemulatione
784 3309 808 3359 P
827 3307 1023 3360 aemulatmneua
1041 3306 1086 3375 ςΙ
1105 3309 1136 3361 15
1156 3307 1269 3361 uiuendo

192 3378 244 3430 iam
255 3380 276 3442 ς
291 3377 404 3430 uidendo
415 3378 465 3429 iam
478 3377 515 3427 2¹
533 3378 583 3429 iam
598 3376 711 3429 uiuendo
721 3378 746 3428 P
780 3377 812 3429 lb
824 3382 915 3441 negata
927 3375 966 3426 2¹
977 3376 1081 3442 negotio
1092 3376 1136 3443 ΡΙ
1150 3378 1180 3428 1'l
1193 3382 1268 3441 parta

192 3448 217 3498 P
231 3454 319 3512 parata
336 3446 374 3496 2¹
386 3445 397 3512 Ι
409 3444 493 3513 adque
509 3444 553 3512 Pl
564 3443 728 3497 mudieudum
779 3480 787 3506 ,
810 3459 879 3496 corr.
897 3441 931 3496 1²¹
942 3442 952 3511 ΙΙ
967 3445 998 3497 18
1019 3458 1069 3509 ego
1086 3444 1110 3493 P
1124 3457 1186 3511 ergo
1204 3444 1244 3493 2¹
1257 3444 1269 3510 Ι

193 3513 339 3565 annibalem
357 3514 403 3581 PI
424 3515 455 3566 te
473 3514 606 3577 ignoscere
623 3513 647 3564 P
665 3526 822 3578 cognoscere
840 3511 877 3564 2¹
889 3512 899 3579 l
912 3514 942 3564 11
962 3526 1016 3563 rein
1032 3512 1057 3579 p.
1075 3512 1100 3563 P
1113 3525 1141 3563 re
1158 3512 1269 3577 impe-a-

193 3585 276 3630 terum
300 3581 337 3631 2¹
356 3581 366 3646 Ι
385 3588 455 3633 tnana
473 3580 510 3631 2¹
533 3595 591 3633 uam
610 3581 656 3646 ΡΙ
675 3582 708 3632 11
733 3579 802 3632 bono
822 3580 927 3646 publico
951 3594 1092 3647 proponam
1116 3580 1268 3645 (proponam

193 3660 264 3696 corr.
281 3647 329 3710 2¹)
344 3647 391 3712 2¹,
408 3664 459 3701 oon.
476 3648 523 3715 Pl
542 3650 574 3700 15
593 3648 689 3700 laceret
706 3649 744 3699 2¹
766 3647 863 3699 tereres
881 3647 930 3714 ΡΙ
946 3648 979 3700 16
998 3646 1119 3699 incolumi
1138 3647 1210 3699 P¹2¹
1227 3648 1268 3700 iu·

193 3711 305 3765 incolum
324 3714 356 3763 P¹
368 3716 378 3780 l
391 3716 503 3768 exercitu
520 3732 556 3767 ee·
572 3715 711 3767 exercitum
730 3715 762 3767 P¹
774 3715 784 3783 Ι
798 3717 829 3769 17
849 3731 873 3783 p.
886 3731 938 3767 om.
950 3714 987 3766 2¹
999 3715 1009 3781 l
1023 3716 1054 3769 18
1072 3714 1095 3767 ai
1107 3716 1132 3766 P
1145 3716 1196 3767 nisi
1208 3715 1269 3781 2¹}

193 3776 305 3841 gladium
323 3779 367 3847 ΡΙ
379 3783 412 3833 19
428 3782 499 3834 italia
518 3782 557 3833 2¹
573 3781 660 3835 italiae
677 3784 719 3852 ΡΙ
733 3785 762 3837 31
782 3783 963 3849 praeferendus
981 3782 1019 3833 2¹
