2734 4250
198 151 259 212 126
576 151 670 204 LlBEli
688 151 786 218 xxttt,
805 156 846 207 50.
865 156 895 207 51
1130 181 1151 214 s.
1166 181 1190 214 u,
1204 180 1226 216 a,
1240 172 1279 214 att

159 336 247 408 aaut
268 325 398 406 populus
420 345 437 386 e
459 326 542 400 loro;
571 334 739 398 matronae,
763 325 831 403 quia
856 324 929 386 nihil
955 325 984 386 in
1008 325 1080 405 ipsis
1109 326 1176 404 opis
1204 336 1281 398 erat,

196 412 227 473 in
251 429 356 492 preces
378 410 650 488 obtestationesque
672 427 793 483 uersae,
822 427 877 490 per
905 410 1004 471 omnia
1032 409 1154 471 delubra
1183 429 1279 490 uagae

157 507 173 557 6
193 497 347 577 suppliciis
368 496 506 575 uotisque
527 495 650 572 fatigare
672 495 753 556 deos.
797 503 857 555 mm
880 495 1021 556 sollicitae
1050 513 1084 556 ac
1111 513 1280 576 suspensae

196 581 309 643 ciuitati
332 582 409 641 lama
431 580 544 641 incerta
566 580 664 659 primo
687 579 793 640 accidit
814 579 890 640 duos
906 579 1087 642 Narnienses
1107 582 1225 660 equites
1246 581 1279 642 in

195 676 305 739 castra,
334 683 410 744 quae
431 665 462 726 in
487 664 621 727 lancibus
642 663 779 725 Vmbriae
808 664 944 744 opposita
971 674 1071 736 erant,
1100 665 1220 728 uenisse
1242 678 1320 728 ex5

156 764 170 812 t
192 751 307 832 proelio
330 751 495 811 nuntiantis
516 768 618 812 caesos
635 749 738 814 bostis.
776 757 806 810 et
820 750 917 829 primo
932 751 1027 830 magis
1041 749 1163 812 auribus
1185 768 1278 829 quam

195 837 302 897 animis
315 835 345 896 id
360 843 515 914 acceptum
530 843 594 896 erat
608 843 642 896 ut
655 835 750 896 maius
765 835 939 914 laetiusque,
963 853 1052 914 quarn
1072 834 1153 914 quod
1175 847 1280 897 mente

195 938 302 1001 mpero
317 929 369 981 aut
385 920 455 981 satis
477 920 601 981 credere
621 929 753 999 possent,
777 927 807 981 et
828 919 891 999 ipsa
914 919 1049 981 celeritas
1070 921 1158 981 fldem
1181 921 1278 1000 impe-

158 1005 301 1078 ttliebat,
324 1003 403 1085 quod
426 1003 515 1065 biduo
539 1013 609 1066 ante
630 1014 796 1085 pugnatum
818 1004 979 1066 dicebatur.
1024 1004 1139 1066 litterae
1167 1005 1279 1066 deinde

195 1089 232 1151 ab
247 1091 282 1151 L.
297 1089 406 1151 blanlio
423 1089 547 1150 acidino
570 1089 677 1151 missac
693 1109 729 1151 ex
752 1089 856 1152 castris
877 1091 1053 1152 adferuntur
1074 1091 1111 1151 de
1126 1090 1279 1152 Narnien-
1305 1103 1334 1154 tu

158 1176 270 1238 esium
297 1176 430 1254 equitum
458 1175 599 1236 aduentu.
642 1175 699 1236 bae
727 1174 841 1236 litterae
869 1193 925 1255 per
952 1175 1050 1236 forum
1080 1176 1115 1237 atl
1143 1173 1279 1237 tribunal

196 1261 342 1341 praetoris
363 1260 437 1320 latae
459 1267 597 1320 senatum
620 1261 710 1320 curia.
725 1260 917 1334 exciuerunt;
944 1267 1088 1339 tantoque
1110 1261 1278 1322 certamine

194 1365 229 1408 ac
250 1345 379 1406 tumultu
401 1343 505 1423 populi
526 1343 563 1404 ad
591 1345 671 1406 tores
700 1345 799 1405 curiae
830 1362 1010 1406 concursum
1040 1353 1100 1418 est,
1131 1352 1164 1406 ut
1192 1345 1278 1407 adire

195 1433 318 1492 nuntius
341 1449 402 1491 non
425 1437 542 1508 posset,
567 1429 618 1490 sed
640 1430 808 1490 traheretur
830 1447 845 1489 a
872 1428 1138 1509 percunctantibus
1160 1431 1277 1491 uocife-

193 1515 397 1593 rantibusque,
419 1514 505 1575 utin
530 1513 635 1575 rostris
655 1515 741 1594 prius
763 1531 851 1592 quam
879 1515 911 1575 in
934 1523 1038 1576 senatu
1061 1515 1175 1576 litterae
1197 1515 1278 1577 reci-
1302 1525 1330 1577 1⁵

141 1606 170 1658 10
191 1608 336 1662 tacentur.
381 1599 501 1660 tandem
528 1601 668 1660 summoti
700 1609 730 1661 et
758 1599 878 1660 coerciti
907 1617 924 1659 a
950 1599 1183 1678 magistratibus,
1212 1599 1277 1661 tlis-

132 1682 170 1741 '11
192 1684 371 1766 pensariquc
400 1683 510 1744 laetitia
539 1683 619 1744 inter
648 1683 820 1763 impotentis
849 1683 912 1745 eius
941 1684 1056 1746 animos
1084 1686 1190 1764 potuit
1242 1685 1276 1745 in

193 1778 298 1831 senatu
320 1768 464 1848 primum,
488 1768 595 1829 deinde
617 1769 648 1829 in
672 1769 814 1829 contione
836 1768 951 1830 litterae
972 1769 1110 1830 recitatae
1132 1777 1220 1840 sunt3
1244 1779 1277 1830 et

192 1873 248 1934 pro
272 1853 416 1930 cuiusque
438 1852 559 1932 ingenio
589 1853 653 1914 aliis
681 1854 738 1914 iam
768 1861 883 1915 certum
911 1853 1067 1933 gaudium,
1097 1853 1161 1915 aliis
1190 1853 1275 1914 nulla

192 1947 261 2000 ante
284 1939 382 1999 lutura
404 1936 478 1998 fides
499 1945 579 2012 erat,
607 1955 695 2016 quam
718 1938 831 2016 legatos
853 1938 1050 2000 consulumue
1077 1938 1190 2000 litteras
1220 1956 1276 2000 au·
1299 1951 1327 2004 a

140 2024 315 2086 aluissent.
351 2023 434 2102 ipsos
447 2021 555 2084 deinde
571 2022 811 2104 adpropinquare
826 2017 1077 2103 legatos'allatum
1100 2031 1153 2085 est.
1196 2031 1275 2084 tunc

192 2109 273 2173 enim
296 2127 368 2170 uero
391 2107 488 2170 omnis
510 2116 590 2170 aetas
611 2106 856 2183 currere-obuii,
878 2108 992 2189 primus
1021 2108 1146 2189 quisque
1176 2109 1274 2171 oculis

153 2195 369 2274 taurinusque
399 2194 518 2255 haurire
546 2202 661 2255 tantum
688 2194 827 2271 gaudium
857 2195 1021 2274 cupientes.
1065 2194 1101 2255 ad
1124 2193 1273 2256 bluluium

152 2288 284 2361 trisque
312 2287 436 2359 pontem
465 2278 625 2339 continens
658 2296 765 2358 agmen
800 2280 948 2358 peruenit.
998 2279 1086 2357 legati
1113 2312 1155 2324 -
1184 2287 1274 2340 amnt

190 2365 224 2427 L.
247 2365 385 2427 Veturius
407 2363 491 2424 Philo
514 2363 546 2424 P.
569 2362 703 2425 Licinius
725 2363 818 2425 Varus
840 2363 876 2435 Q.
900 2363 1044 2425 Caecilius
1066 2363 1200 2425 lletellus
1229 2397 1274 2411 -
1297 2377 1329 2429 21

191 2450 362 2513 circumfusi
385 2448 482 2510 omnis
504 2448 623 2527 generis
644 2449 799 2520 bominum
822 2449 988 2527 frequentia
1010 2448 1042 2509 in
1071 2450 1168 2510 lorum
1197 2466 1273 2528 per·

151 2545 167 2595 t
189 2542 347 2606 uenerunt,
370 2552 439 2595 cum
454 2532 502 2594 alii
517 2533 608 2612 ipsos,
630 2533 678 2594 alii
695 2534 818 2594 comites
838 2551 950 2607 eorum,
974 2551 1049 2613 quae
1071 2543 1136 2595 acta
1157 2544 1273 2607 essent,

188 2627 467 2700 percunctarentur.
511 2627 542 2678 et
571 2626 604 2678 nt
631 2618 758 2697 quisque
786 2618 918 2679 audierat
946 2618 1109 2680 exercitum
1136 2618 1271 2680 bostium

189 2706 457 2785 imperatoremque
480 2702 626 2777 occisum,
656 2703 788 2783 legiones
810 2702 958 2764 Romanas
980 2702 1147 2774 incolumis,
1169 2702 1272 2766 saluos

189 2789 328 2852 consules
343 2805 417 2861 csse,
439 2787 587 2866 extemplo
602 2788 666 2849 aliis
680 2805 771 2868 porro
787 2782 996 2869 impertiebant
1010 2788 1148 2868 gaudium
1170 2805 1271 2850 suum.
1299 2802 1331 2854 at

151 2885 166 2935 t
188 2892 256 2935 cum
271 2889 358 2952 aegre
374 2872 533 2932 incuriam
552 2880 734 2951 peruentum
756 2881 842 2946 esset
867 2873 959 2934 multo
981 2873 1099 2952 aegrius
1120 2882 1271 2934 summota

258 3010 270 3059 1
291 3020 306 3057 e
323 3019 374 3057 om.
392 3004 428 3054 Σ
442 3003 480 3072 12
497 3004 524 3056 in
542 3019 631 3071 preces
648 3004 686 3055 Σ
706 3005 773 3057 inter
791 3020 897 3072 praeces
914 3004 957 3071 Pl
971 3008 987 3059 3
1004 3004 1138 3072 suppliciis
1149 3003 1187 3055 Σ
1204 3019 1271 3085 aup—

187 3074 269 3144 plices
286 3072 447 3193 Plpatipare
465 3074 489 3124 Ρ
503 3072 644 3138 latiqauere
661 3072 700 3122 Σ
713 3074 751 3139 16
768 3074 910 3125 nuntiantis
928 3073 965 3123 Σ
985 3074 1133 3125 nuntiantes
1150 3072 1221 3139 Pl'l
1241 3073 1269 3125 id

188 3158 238 3196 om.
250 3141 287 3193 Σ
299 3141 310 3208 l
347 3141 481 3208 etiusquae
492 3139 534 3208 Pl
548 3142 564 3193 8
582 3147 685 3208 caperet
696 3140 741 3209 Pl
752 3139 829 3193 fidem
840 3140 880 3191 Σ
895 3140 963 3193 idern
975 3142 1019 3207 Pl
1032 3144 1064 3194 tc
1076 3139 1192 3193 acciuino
1204 3139 1271 3207 ΣἿ

188 3215 220 3267 12
237 3209 361 3279 praetoris
378 3209 447 3261 latae
464 3208 502 3257 Σ
520 3209 634 3274 perlatae
659 3225 696 3265 ee
712 3208 839 3275 perlataea
851 3209 884 3261 1³¹
896 3208 906 3277 l
919 3209 988 3261 curia
1008 3209 1032 3259 P
1046 3209 1072 3260 in
1092 3208 1186 3261 carim
1204 3208 1271 3277 ΣἿ

189 3282 220 3335 13
241 3292 394 3333 coneursum
412 3275 486 3328 ΡΣ
508 3290 662 3329 concussum
681 3275 739 3342 P¹l
758 3279 791 3329 14
813 3275 860 3329 aed
878 3277 928 3341 Σ,
953 3291 1003 3331 om.
1022 3277 1070 3344 Pl
1089 3276 1233 3328 traheretur
1251 3292 1268 3328 a

186 3346 390 3415 percunctantib.
409 3345 432 3395 P
451 3344 631 3396 cunctantibus
648 3345 686 3394 Σ
704 3342 715 3411 l
735 3347 766 3397 16
790 3344 911 3397 coercitio
930 3345 970 3407 ΡΙ,
994 3360 1065 3397 corr.
1085 3344 1117 3395 1²¹
1136 3342 1269 3411 lalispen-

186 3416 289 3483 sariqoe
306 3414 331 3465 P
344 3412 526 3479 dissertarique
544 3412 582 3462 Σ·
594 3412 604 3479 l
618 3416 650 3464 tt
669 3411 819 3478 impotentis
837 3412 875 3462 Σ
897 3413 1018 3480 ponentis
1035 3411 1078 3478 Pl
1092 3414 1124 3466 ta
1147 3416 1267 3464 senatum

186 3483 230 3550 Pl
243 3486 274 3536 19
293 3482 360 3534 alius
376 3481 427 3533 iam
445 3482 474 3543 P,
493 3495 543 3531 oea.
560 3478 622 3548 ΣΙ
639 3482 672 3534 20
691 3481 824 3533 consulum
843 3480 885 3533 uel
903 3479 940 3530 Σ
958 3480 1015 3548 122
1033 3480 1105 3532 obuii
1122 3481 1146 3531 P
1160 3478 1267 3533 obuiam

186 3551 223 3601 Σ
236 3550 247 3616 l
258 3550 368 3617 primum
385 3547 422 3599 Σ
441 3549 451 3613 Ι
471 3550 505 3601 24
528 3553 577 3599 aut
599 3563 660 3599 aaut
677 3551 698 3612 ς
717 3548 796 3614 legati
818 3547 1083 3601 erant...metellus
1117 3546 1265 3600 drcumt'uai

185 3616 404 3681 &wadum
418 3620 467 3666 aut
505 3616 522 3667 ti
560 3620 633 3668 erant
653 3617 823 3668 ecritmdatm
846 3620 936 3697 censet
950 3616 1056 3667 Hurwt
1073 3615 1084 3682 l
1102 3617 1134 3668 25
1152 3614 1224 3683 pbilo
1245 3624 1267 3682 ς

186 3682 519 3804 1121211111
545 3683 1266 3820 {taliatalatttlttlatat'ltltt

186 3818 224 3869 Σ·
235 3816 377 3868 incolomes
386 3815 426 3884 Pl
434 3820 467 3871 30
478 3819 659 3886 impertiebant
670 3819 710 3869 Σ
718 3820 894 3888 impertierunt
903 3819 940 3887 Pl
949 3821 980 3873 21
993 3820 1020 3872 iu
1032 3820 1128 3873 mnam
1140 3817 1214 3871 ΡΣ*
1225 3821 1266 3873 in-
