2734 4250
182 144 201 205 8
588 143 682 198 usna
699 142 788 210 111111,
807 144 830 197 3.
849 147 863 197 t
1113 149 1134 183 ι
1149 150 1171 184 u·
1186 150 1208 187 a
1221 146 1265 189 aas

184 336 416 401 oppressamque
430 336 536 399 magna
559 318 649 379 caede
670 317 815 393 hostium3
838 314 1013 397 elephantos
1034 316 1096 395 igni
1118 335 1135 377 e
1158 318 1265 379 metris

132 414 162 466 13
183 413 310 467 exactos.
352 405 410 465 hoc
431 403 566 465 ultimum
583 436 625 449 -
642 412 803 481 utcumque
826 400 932 463 initum
955 401 1131 482 finitumque
1154 410 1199 464 est
1217 436 1264 447 —

185 499 254 552 ante
276 488 456 551 deditionem
479 488 595 568 Capuae
616 488 763 568 proelium
786 486 851 548 luit

271 574 366 636 lledix
388 574 512 647 tuticus,
541 575 591 653 qui
619 592 754 636 summus
783 572 970 652 magistratus
998 580 1069 652 aput
1095 571 1264 653 Campanos

184 672 245 735 est,
274 680 310 722 eo
339 678 419 721 anno
448 658 575 741 Seppius
606 658 728 721 Loesius
757 665 836 731 erat,
866 656 932 719 loeo
960 674 1089 737 opscuro
1117 658 1263 737 tenuique
1287 670 1305 719 5

134 757 164 809 ta
184 747 305 809 lortuna
328 754 419 807 amus.
463 753 586 805 matrem
615 745 679 805 eius
705 742 854 824 quondam
877 760 933 822 pro
955 742 1068 823 pupillo
1092 760 1127 804 eo
1149 760 1263 824 procu·

185 839 300 893 rantem
316 829 457 892 familiare
472 838 632 903 ostentum,
649 847 717 891 cum
734 828 936 909 respondisset
950 828 1096 908 haruspex
1112 846 1262 890 summum

187 916 265 997 quod
292 923 370 977 esset
393 914 551 995 imperinm
581 914 698 995 Capuae
725 923 941 995 peruenturum
963 913 999 974 ad
1027 930 1094 974 eum
1123 930 1262 995 puerum,

133 1011 164 1065 ts
186 1001 260 1064 nihil
282 1002 318 1063 ad
340 1019 404 1061 eam
424 1019 508 1080 spem
523 998 754 1081 adgnoscentem
770 999 878 1061 dixisse
892 1000 995 1061 lerunt
1010 991 1063 1059 ‘ne
1084 1008 1118 1060 tu
1131 998 1263 1080 perditas

186 1104 235 1149 res
256 1086 474 1165 Campanorum
497 1102 613 1161 narras,
640 1084 693 1147 uhi
715 1102 848 1147 summus
870 1084 967 1146 honos
988 1082 1024 1144 ad
1046 1083 1139 1146 lilium
1162 1102 1262 1146 meum
1288 1096 1321 1147 1⁰

133 1182 163 1234 13
186 1168 360 1253 perueniat?
392 1189 426 1232 ea
442 1170 602 1232 ludificatio
616 1172 681 1232 ueri
697 1181 727 1231 et
741 1170 804 1250 ipsa
819 1170 850 1231 in
867 1187 970 1230 uerum
988 1169 1091 1231 uertit:
1108 1186 1175 1231 nam
1191 1186 1261 1230 cunr

186 1259 263 1319 lame
280 1258 421 1336 lerroque
443 1264 623 1335 urgerentur
641 1274 698 1318 nee
721 1274 789 1335 spes
810 1254 867 1316 ulla
890 1262 1059 1335 superesset
1079 1254 1141 1316 sisti
1163 1272 1263 1335 posse,

186 1343 231 1417 iis,
255 1342 306 1421 qui
329 1342 391 1403 nati
412 1341 444 1402 in
467 1358 550 1421 spem
573 1340 721 1403 honorum
744 1350 844 1413 erant,
867 1340 998 1401 honores
1019 1339 1263 1411 detrectantibus,

135 1438 164 1488 tt
187 1428 311 1490 Loesius
333 1426 486 1505 querendo
509 1426 654 1487 desertam
678 1444 713 1486 ac
735 1425 879 1506 proditam
902 1443 917 1485 a
935 1423 1117 1505 primoribus
1132 1423 1261 1505 Capuam

187 1529 336 1575 summum
358 1512 560 1592 magistratum
584 1511 706 1573 ultimus
728 1510 861 1572 omnium
885 1508 1101 1591 Campanorum
1124 1508 1212 1590 cepit.
1288 1520 1319 1572 ta

148 1612 164 1667 a
272 1598 409 1659 Ceterum
425 1594 574 1657 Hannibal
588 1606 622 1657 ut
644 1614 700 1658 nec
720 1596 813 1659 hostis
836 1595 902 1657 elici
924 1594 1051 1676 amplius
1072 1594 1107 1674 ad
1131 1612 1263 1675 pugnam

150 1695 166 1746 t
188 1682 261 1744 uidit
282 1699 382 1761 neque
403 1699 459 1761 per
480 1690 575 1743 castra
597 1700 702 1743 eorum
725 1680 878 1761 perrumpi
900 1681 934 1740 ad
951 1680 1080 1761 Capuam
1102 1698 1200 1760 posse.
1224 1700 1264 1742 ne

187 1786 258 1829 suos
273 1784 392 1845 quoque
408 1775 590 1829 commeatus
603 1766 838 1828 intercluderent
852 1765 924 1827 noui
939 1765 1087 1838 consules,
1103 1764 1264 1828 abscedere

150 1864 166 1915 a
187 1851 278 1913 inrito
301 1852 421 1930 incepto
443 1860 474 1912 et
490 1869 613 1913 mouere
627 1870 643 1913 a
659 1850 759 1932 Capua
774 1852 876 1914 statuit
898 1859 1001 1912 eastra.
1037 1850 1129 1911 multa
1150 1867 1263 1922 seeum,

189 1954 319 2017 quonam
342 1936 410 1997 inde
439 1937 483 1997 ire
512 1946 665 2017 pergeret,
695 1936 829 1999 uoluenti
859 1934 949 1998 subiit
974 1934 1105 1996 animum
1134 1935 1264 2014 impetus
1288 1946 1322 1998 2]

188 2031 278 2101 eaput
299 2022 396 2102 ipsum
419 2020 488 2082 laelli
508 2020 633 2082 Romam
654 2022 792 2102 petendi,
823 2021 907 2083 cuius
935 2019 979 2082 rei
1007 2038 1124 2100 semper
1145 2020 1264 2101 cupitae

188 2107 422 2190 praetermissam
439 2108 624 2170 occasionem
640 2118 709 2188 post
721 2106 908 2170 Cannensem
923 2124 1054 2187 pugnam
1069 2115 1100 2167 et
1112 2104 1161 2168 alii
1171 2105 1265 2187 uulgo

148 2192 356 2257 slremebant
383 2202 413 2255 et
440 2193 504 2273 ipse
533 2212 594 2255 non
624 2193 842 2256 dissimulabat:
878 2192 1056 2272 necopinato
1089 2209 1201 2271 pauore
1228 2210 1265 2254 ac

188 2279 317 2342 tumultu
340 2297 402 2340 non
424 2297 490 2340 esse
505 2277 722 2358 desperandum
740 2278 868 2359 aliquam
883 2287 996 2358 partem
1021 2276 1103 2337 urbis
1125 2277 1265 2356 occupari

151 2381 167 2430 3
188 2383 292 2447 posse;
315 2373 355 2437 et,
378 2363 403 2424 si
418 2362 511 2424 Roma
530 2362 560 2424 in
577 2363 749 2425 discrimine
765 2373 850 2436 esset,
867 2362 994 2443 Capuam
1011 2361 1158 2441 extemplo
1174 2361 1266 2424 omis·
1290 2373 1325 2424 ὃ

188 2468 275 2512 suros
296 2459 348 2511 aut
369 2447 457 2510 ambo
479 2448 673 2528 imperatores
695 2449 845 2510 Romanos
868 2457 919 2509 aut
940 2447 1063 2509 alterum
1088 2464 1123 2506 ex
1145 2445 1194 2518 iis,
1224 2457 1265 2518 et,

188 2536 212 2597 si
234 2534 406 2597 diuisissent
420 2533 530 2614 copias,
552 2544 714 2614 utrumque
734 2533 929 2596 infirmiorem
952 2534 1061 2593 lactum
1078 2540 1128 2593 aut
1142 2530 1198 2594 sihi
1213 2541 1267 2594 aut

151 2619 347 2700 ttCampanis
368 2618 446 2680 hene
469 2619 618 2700 gerendae
640 2619 684 2681 rei
709 2620 857 2682 somonam
884 2620 1005 2680 daturos
1028 2634 1102 2678 esse.
1146 2635 1205 2678 una
1229 2635 1263 2678 ea

189 2721 261 2765 cura
282 2704 419 2783 angebat,
442 2723 489 2779 ne,
512 2702 565 2765 ulai
586 2704 784 2779 abscessisset,
806 2703 953 2784 externplo
975 2701 1156 2764 dederentur
1177 2701 1264 2764 Cam-

188 2789 269 2869 pani.
303 2789 457 2850 Numidam
473 2798 645 2870 promptum
660 2790 696 2851 ad
716 2791 815 2852 omnia
832 2789 946 2870 agenda
968 2787 1162 2866 audendaque
1178 2786 1267 2850 donis
1287 2798 1325 2850 33

189 2872 323 2953 perlicit,
352 2883 387 2934 ut
407 2873 512 2935 litteris
533 2874 662 2954 acceptis
690 2876 789 2956 specie
811 2873 983 2954 translugae
1012 2881 1108 2935 castra
1130 2870 1265 2934 Romana

151 2959 340 3038 tingressus
362 2959 453 3019 altera
474 2966 558 3038 parte
586 2959 659 3020 olam
682 2959 810 3039 Capuam
833 2957 985 3039 peruadat.
1030 2957 1143 3020 litterae
1164 2968 1265 3020 autem

189 3052 277 3105 erant
297 3043 502 3105 adhortatione
524 3044 645 3124 plenae:
671 3045 886 3124 protectionem
910 3061 1008 3118 suam,
1031 3060 1107 3122 quae
1128 3043 1266 3104 salutaris

189 3129 247 3192 illis
261 3130 349 3202 loret,
366 3137 580 3209 apstraeturam
594 3130 630 3191 ad
645 3130 859 3192 detendendam
875 3129 998 3190 llomam
1013 3127 1050 3189 ab
1065 3129 1266 3208 oppugnanda

259 3284 272 3334 1
291 3279 354 3333 oede
371 3278 443 3346 ΡΙ2
460 3280 599 3347 utcumque
620 3277 775 3347 Plinitiuro
793 3280 866 3347 Ple
883 3277 968 3332 medix
993 3278 1134 3341 dotum,
1159 3277 1268 3346 Lipsius

188 3349 271 3402 media
296 3348 374 3416 Plo
397 3347 551 3416 loeopsouro
574 3364 610 3398 aa
631 3347 784 3416 loenpscuro
809 3349 841 3400 1¹¹
854 3349 891 3415 lt)
915 3346 1114 3400 edonoscentem
1132 3345 1226 3413 Plne
1245 3353 1267 3411 ς

190 3431 225 3469 no
244 3416 285 3483 ΡΙ
298 3417 331 3469 tt
356 3429 433 3484 posse
455 3412 622 3481 Alaelel'alo',
648 3415 855 3482 oea.1’l1³ils
879 3415 922 3484 qui
947 3415 999 3468 nati
1020 3415 1059 3466 ed.
1079 3413 1169 3466 caloae
1190 3413 1267 3480 1525,

189 3500 239 3536 om.
258 3484 299 3550 ΡΙ
313 3487 345 3537 15
370 3489 491 3549 campore
514 3483 556 3551 Pl
571 3485 602 3537 18
627 3483 783 3536 abscendere
801 3483 842 3550 ΡΙ
857 3483 889 3535 23
907 3497 1018 3551 quonam
1039 3487 1059 3548 ς
1083 3497 1134 3549 quo
1153 3482 1204 3534 iam
1222 3483 1261 3535 P:

190 3554 222 3605 25
247 3558 273 3603 et
295 3557 316 3615 ς
332 3553 356 3604 ei
380 3551 423 3618 Pl
435 3553 576 3604 omissums
593 3551 637 3618 ΡΙ
650 3552 682 3605 23
701 3551 856 3604 abseesisset
874 3552 914 3618 ΡΙ
928 3553 960 3606 33
979 3550 1077 3618 agenda
1096 3547 1267 3617 audendaque

190 3619 238 3682 (es.
256 3619 384 3685 Zingerle
402 3622 468 3671 sits.
487 3620 513 3670 d.
535 3618 620 3672 »aaa
639 3619 726 3672 Akod.
747 3619 803 3682 101,
819 3619 882 3686 557)
900 3618 947 3670 uel
962 3617 1078 3672 adeunde
1096 3616 1268 3686 addendoque

189 3684 342 3747 Abcdeselo‘
370 3686 539 3755 audendaqne
561 3689 586 3739 P
605 3686 721 3740 audenda
749 3691 768 3754 ς
791 3687 907 3740 audenda
930 3686 1079 3806 agendepue
1103 3685 1269 3753 Wesenberg

189 3753 507 3876 pnpeaplppapandendaqoe
529 3754 736 3824 Weissenborn!
751 3759 780 3809 31
799 3756 901 3824 speciae
914 3755 956 3823 Pl]
970 3757 1001 3808 33
1013 3768 1090 3822 pene
1102 3753 1144 3820 Pl
1157 3755 1190 3808 34
1207 3769 1267 3822 aps·
1362 3795 1363 3798 ,
