2734 4250
102 155 124 189 a.
139 144 190 189 cn.
205 147 244 189 no
475 128 570 183 llblill
587 128 687 195 xxvtl,
705 132 729 183 3.
748 132 765 183 t
1138 127 1179 189 65

100 300 288 381 septuaginta
298 300 439 381 Campani
450 301 637 383 principibus
649 302 770 365 Blossiis
781 300 922 363 imtribus
933 301 1179 365 coniurauerunt.

100 386 212 449 indicio
228 385 350 448 cinerei
364 404 401 447 ex
416 386 524 448 familia
538 386 721 449 Blossiorum
737 388 823 461 lacto,
847 387 941 466 portis
956 397 1081 467 repente
1096 388 1179 451 iussu
1199 398 1214 449 ι

101 470 291 553 proconsulis
312 470 435 545 clausis,
463 490 531 533 cnm
553 472 589 533 ad
611 490 693 533 arma
715 473 802 552 siguo
824 472 891 533 dato
913 472 1022 535 milites
1050 491 1180 535 concur-

100 557 220 635 rissent,
242 556 452 636 comprehensi
470 575 584 631 omncs,
607 558 658 636 qni
680 558 711 619 in
735 576 812 620 noxa
836 566 930 630 erant,
952 566 984 619 et
1005 558 1179 637 quaestione

62 643 209 706 oacriter
236 640 335 702 habita
362 640 491 703 damnati
519 642 694 721 necatique;
723 642 871 705 indicibus
896 642 1017 706 libertas
1045 653 1075 704 et
1103 645 1180 707 aeris

100 728 177 789 dena
197 726 277 788 mdia
292 727 368 787 data.
404 726 571 789 Nucerinos
590 736 621 789 et
634 728 801 790 Acerranos
823 728 993 806 querentis,
1021 727 1073 789 ubi
1095 729 1180 791 habi·
1201 738 1217 789 t

99 819 213 883 tarent,
243 829 305 872 non
329 829 410 884 esse,
439 813 558 874 Acerris
579 831 615 873 ex
637 822 721 892 parte
743 812 888 884 incensis,
918 812 1044 875 Nuceria
1073 813 1178 889 deleta,

100 896 225 957 Romam
248 895 372 958 Fuluius
392 897 429 958 ad
450 905 586 959 senatum
608 897 697 959 misit
740 898 899 959 Acerranis
924 898 1117 976 permissum,
1147 908 1216 961 ut't

100 982 308 1055 aedificarent,
335 999 411 1060 quae
438 981 561 1044 incensa
590 991 692 1056 erant3
721 982 862 1044 Nucerini
885 982 1023 1055 Atellam,
1052 984 1121 1063 quia
1150 984 1178 1046 id

52 1077 81 1129 lt
100 1067 275 1138 maluerant,
298 1066 440 1129 Atellanis
454 1065 592 1129 Calatiam
614 1067 742 1147 migrare
764 1067 861 1141 iussis,
883 1066 1022 1129 traducti.

185 1151 269 1213 luter
283 1151 391 1213 multas
405 1169 586 1231 magnasque
601 1171 659 1226 res,
675 1171 751 1232 quse
768 1171 850 1214 nunc
867 1152 1014 1213 secundae
1031 1171 1112 1215 nunc
1128 1154 1179 1215 ad·
1200 1162 1215 1213 8

100 1254 207 1299 uersae
221 1238 408 1316 occupabant
422 1236 618 1316 cogitationes
631 1238 797 1310 hominum,
813 1256 852 1299 ue
865 1237 1044 1299 Tarentinae
1059 1238 1178 1317 quidem

76 1364 80 1373 -
101 1322 178 1384 arcis
199 1321 310 1383 excidit
330 1322 481 1383 memoria.
518 1322 557 1383 bl.
574 1321 722 1402 Ogulnius
736 1330 767 1383 et
781 1323 813 1384 P.
830 1322 964 1401 Aquilius
981 1323 1012 1384 in
1028 1322 1178 1386 Etruriam
1199 1331 1214 1383 ι

102 1407 188 1486 legati
211 1405 248 1468 ad
269 1408 453 1468 lrnmentum
475 1408 681 1480 coemendum,
712 1407 793 1487 quod
815 1407 975 1468 Tarentum
998 1417 1178 1487 portaretur,

53 1502 81 1553 ts
102 1492 240 1572 proiecti,
254 1500 285 1553 et
295 1492 375 1552 mille
385 1492 492 1554 milites
502 1493 539 1553 de
554 1493 686 1554 exercitu
702 1491 826 1565 urbano,
841 1510 897 1571 par
912 1510 1054 1554 numerus
1069 1493 1178 1555 Roma·

103 1594 211 1639 uorum
232 1577 442 1656 sociorumque
457 1578 562 1639 eodem
578 1578 609 1638 iu
625 1578 805 1657 praesidium
820 1596 889 1639 cum
911 1578 1063 1640 lrumeuto
1085 1580 1177 1643 naissi.

186 1661 249 1723 lam
270 1672 365 1725 aestas
386 1662 416 1723 in
440 1662 520 1724 exitu
541 1672 613 1737 crat,
636 1663 886 1742 comitiorumque
907 1662 1108 1725 consularium
1131 1665 1213 1726 in·4

102 1746 197 1809 stabat
218 1756 346 1826 tempus.
381 1747 433 1808 sed
449 1747 564 1808 litterae
579 1748 709 1809 Marcelli
728 1748 896 1827 negantise
918 1765 951 1809 re
973 1747 1091 1827 publica
1114 1768 1178 1813 esse

103 1832 261 1909 uestigium
284 1830 402 1912 apscedi
423 1832 460 1893 ab
483 1832 658 1907 Hannibale,
683 1834 731 1895 cui
753 1834 871 1895 cedomi
892 1840 1104 1915 certamenque
1126 1835 1178 1897 ah-

52 1927 82 1979 et
103 1916 209 1979 nuenti
223 1917 323 1996 grauis
336 1917 400 1996 ipse
415 1918 549 1990 instaret,
572 1936 674 1979 curam
696 1918 871 1989 iniecerant,
893 1937 932 1979 ne
954 1927 1005 1979 aut
1025 1920 1179 1983 consulem
1200 1929 1215 1981 2

103 2010 165 2063 tum
189 2002 314 2063 maxime
333 2019 382 2064 res
395 2012 533 2083 agentem
547 2020 564 2061 a
577 2002 656 2065 bello
671 2012 842 2078 auocarent,
865 2010 916 2065 aut
930 2003 960 2065 in
976 2020 1088 2067 annum
1104 2023 1177 2067 con·

102 2087 183 2150 snles
203 2086 349 2149 deessent.
393 2088 538 2168 optimum
559 2088 657 2155 uisum
680 2098 740 2164 est,
764 2106 942 2168 quamquam
964 2096 1045 2152 extra
1069 2089 1216 2154 ltaliamt

103 2182 190 2243 asset,
213 2172 362 2236 Valerium
388 2174 488 2252 potius
509 2173 663 2236 consulem
689 2193 725 2236 ex
746 2173 843 2236 Sicilia
865 2174 1008 2235 reuocari.
1052 2175 1088 2236 ad
1111 2185 1216 2238 eumt

103 2257 219 2320 litterae
245 2257 329 2320 iussu
356 2267 477 2320 senatus
506 2258 543 2320 ab
570 2259 603 2319 L.
626 2259 735 2321 llanlio
763 2268 901 2339 praetore
930 2257 1046 2319 urbano
1074 2260 1178 2322 missae

52 2353 82 2405 m
102 2361 172 2406 cum
200 2342 307 2404 littoris
333 2343 465 2406 consulis
493 2343 531 2404 bl.
554 2343 699 2419 llarcelli,
728 2354 762 2406 nt
790 2363 826 2405 ex
854 2343 890 2405 iis
920 2353 1072 2418 nosceret,
1103 2363 1178 2424 quae

102 2445 190 2490 causa
220 2427 355 2508 patribus
380 2446 446 2489 eum
469 2429 678 2509 potiusquam
702 2429 844 2509 collegam
865 2429 1027 2490 reuocandi
1050 2447 1086 2491 ea
1107 2448 1178 2510 pro·

104 2512 204 2575 uincia
225 2521 313 2574 esset.

189 2597 234 2658 Eo
256 2599 319 2658 lere
339 2607 473 2677 tempore
488 2598 575 2677 legati
591 2598 627 2660 ab
643 2617 713 2679 rege
729 2599 869 2680 Syphace
879 2598 1002 2659 Romam
1019 2609 1179 2674 uenerunt,
1200 2611 1215 2660 ι

102 2700 180 2762 quae
195 2683 220 2744 is
235 2700 378 2762 prospera
393 2682 505 2762 proelia
521 2701 590 2746 cum
605 2683 897 2765 Carthaginiensibus
915 2683 1042 2758 lecisset,
1064 2702 1178 2746 memo·

51 2775 80 2828 at
100 2778 211 2830 rantes
244 2785 345 2848 regem
360 2785 418 2830 nec
432 2766 628 2830 inimiciorem
644 2769 697 2831 ulli
712 2769 823 2850 populo
842 2787 930 2848 quam
946 2768 1180 2849 Carthaginiensi
1200 2780 1216 2831 t

102 2871 160 2914 nec
182 2851 354 2914 amiciorem
377 2871 465 2932 qnam
488 2852 624 2916 Romano
646 2874 711 2917 esse
733 2853 944 2930 adllrmabant3
974 2854 1088 2918 misisse
1110 2873 1179 2918 eum

102 2947 190 3000 antea
213 2936 326 3016 legatos
347 2937 378 2999 in
398 2937 571 3018 Hispaniam
593 2941 629 3002 ad
645 2940 699 3002 Cn.
716 2951 747 3004 et
761 2939 793 3000 P.
810 2938 964 3002 Cornelios
984 2939 1179 3020 imperatores

101 3022 271 3098 Romanos3
294 3041 377 3085 nunc
399 3021 435 3084 ab
451 3023 516 3103 ipso
532 3025 616 3087 uelut
629 3026 713 3088 lente
728 3032 829 3108 petere
845 3025 1007 3086 Romanam
1023 3025 1178 3088 amicitiam

101 3189 212 3242 condere
234 3193 254 3254 ς
276 3187 443 3241 incenderent
460 3188 520 3257 ΣΙ
535 3191 568 3243 tu
586 3186 704 3239 caiatiam
727 3190 773 3241 uel
793 3190 913 3258 galatiam
936 3191 974 3242 Σ
995 3190 1116 3256 galatiam
1133 3192 1179 3262 ΡΙ

100 3257 177 3309 iussit
194 3255 238 3324 ΡΙ
252 3259 281 3310 ll
300 3262 365 3309 nont
382 3256 510 3310 secundae
526 3258 568 3319 P¹,
586 3271 657 3307 corr.
677 3257 731 3324 ΡΙ
746 3261 777 3313 12
794 3258 955 3326 occupabant
967 3205 1012 3308 Σ’Β
1016 3258 1180 3312 occultabant

101 3325 144 3393 ΡΙ
160 3328 192 3380 ld
209 3324 302 3377 excidii
320 3324 375 3392 1²¹1
388 3325 510 3391 ogulnins
521 3328 545 3377 P
553 3324 673 3391 ogolinns
684 3326 729 3378 nal
740 3327 861 3394 ogulinns
872 3327 930 3392 ΣΙ
945 3325 1064 3378 etruriam
1076 3327 1101 3378 P
1109 3331 1180 3379 aeto-

102 3392 162 3445 liam
181 3393 220 3444 Σ
232 3393 243 3460 Ι
257 3392 434 3446 ldemendnm
447 3393 485 3444 Σ·
497 3394 508 3461 Ι
521 3393 645 3447 lbnrban
658 3394 700 3458 ΡΙ,
718 3410 788 3447 corr.
800 3394 1028 3476 P¹lromanornm
1040 3395 1179 3447 seclorum-

120 3477 153 3514 ue
171 3459 213 3512 ,Σ1
233 3475 429 3514 romanornmne
445 3463 471 3513 P
489 3461 617 3514 sociorum
635 3461 751 3529 Dukerll
766 3466 797 3517 16
814 3463 886 3514 missi
904 3461 942 3512 Σ*
963 3462 1026 3513 miss
1044 3462 1075 3514 Ρ1
1094 3464 1179 3516 missis

102 3477 159 3597 1¹!
172 3533 205 3583 to
223 3528 326 3610 apscedl
349 3529 383 3580 Ρ
403 3529 507 3581 abscedi
525 3528 754 3596 Praeconem
778 3529 817 3581 >2¹
837 3529 942 3582 abeunti
959 3529 1001 3596 ΡΙ
1014 3531 1071 3584 20
1064 3545 1121 3598 tpse
1141 3532 1180 3584 in·

102 3603 183 3650 staret
206 3597 231 3648 P
250 3597 358 3650 instaret
379 3597 436 3663 lpse
453 3596 658 3665 ffiflconsnlem
681 3599 720 3648 Σ1
741 3609 821 3652 cosm
840 3597 887 3666 Pl
907 3599 964 3651 24
957 3613 1015 3650 rnen
1033 3599 1179 3668 Pllmallio

103 3665 289 3732 Plpraetore
305 3665 406 3717 orbano
424 3664 554 3730 Sigerum
571 3666 690 3732 pr.orbis
707 3667 847 3734 Ppretore
861 3666 931 3718 urhis
950 3665 1008 3732 ΣΙ
1027 3669 1059 3720 25
1077 3683 1110 3720 m.
1129 3684 1179 3722 om.

103 3731 209 3800 Nih
245 3747 294 3785 nae
315 3733 338 3784 ia
361 3733 400 3784 Σι
421 3748 514 3800 qnae.
531 3735 575 3801 ΡΙ
587 3735 701 3786 claua}¹
725 3749 769 3787 rex
791 3736 823 3787 cir
845 3733 933 3802 apat
952 3749 1057 3788 romano
1081 3753 1116 3789 aa
1139 3752 1181 3790 ro·

103 3735 618 3869 ιιιιιιιιοβῑιοιιιιιιίιΣῑΙθἝίιιΙΣῦ,
636 3803 801 3871 onuPllcn.
818 3808 887 3870 etp.
906 3817 957 3857 om.
974 3803 1012 3854 Σ

157 3890 237 3936 blnlna
249 3891 278 3936 lv
1010 3891 1025 3940 5
