<?xml version="1.0" encoding="UTF-8"?>
<!DOCTYPE html PUBLIC "-//W3C//DTD XHTML 1.0 Transitional//EN"
    "http://www.w3.org/TR/xhtml1/DTD/xhtml1-transitional.dtd">
<html xmlns="http://www.w3.org/1999/xhtml" xml:lang="en" lang="en">
 <head>
  <title>
</title>
<meta http-equiv="Content-Type" content="text/html;charset=utf-8" />
  <meta name='ocr-system' content='tesseract 3.04.00' />
  <meta name='ocr-capabilities' content='ocr_page ocr_carea ocr_par ocr_line ocrx_word'/>
</head>
<body>
  <div class='ocr_page' id='page_1' title='image "./aburbeconditali00paasgoog_0212.png"; bbox 0 0 2734 4250; ppageno 0'>
   <div class='ocr_carea' id='block_1_1' title="bbox 186 155 1270 222">
    <p class='ocr_par' dir='ltr' id='par_1_1' title="bbox 186 155 1270 222">
     <span class='ocr_line' id='line_1_1' title="bbox 186 155 1270 222; baseline 0.008 -14"><span class='ocrx_word' id='word_1_1' title='bbox 186 157 246 216; x_wconf 87' lang='lat'><strong>198</strong></span> <span class='ocrx_word' id='word_1_2' title='bbox 569 155 664 209; x_wconf 83' lang='lat' dir='ltr'>LIBER</span> <span class='ocrx_word' id='word_1_3' title='bbox 682 156 777 222; x_wconf 85' lang='lat' dir='ltr'><strong>llllllll,</strong></span> <span class='ocrx_word' id='word_1_4' title='bbox 797 160 881 211; x_wconf 75' lang='lat'><strong>1213</strong></span> <span class='ocrx_word' id='word_1_5' title='bbox 1127 175 1270 216; x_wconf 54' lang='lat' dir='ltr'><strong>num-540</strong></span> 
     </span>
    </p>
   </div>
   <div class='ocr_carea' id='block_1_2' title="bbox 86 327 1321 3383">
    <p class='ocr_par' dir='ltr' id='par_1_2' title="bbox 86 327 1270 578">
     <span class='ocr_line' id='line_1_2' title="bbox 86 327 1270 406; baseline -0.002 -14"><span class='ocrx_word' id='word_1_6' title='bbox 86 401 87 406; x_wconf 8' lang='grc' dir='ltr'>η</span> <span class='ocrx_word' id='word_1_7' title='bbox 146 331 314 392; x_wconf 81' lang='lat' dir='ltr'><strong>tconsulis</strong></span> <span class='ocrx_word' id='word_1_8' title='bbox 329 338 393 391; x_wconf 83' lang='lat' dir='ltr'><strong>erat</strong></span> <span class='ocrx_word' id='word_1_9' title='bbox 408 363 448 372; x_wconf 94' lang='lat'><strong>-—</strong></span> <span class='ocrx_word' id='word_1_10' title='bbox 464 328 500 389; x_wconf 94' lang='lat' dir='ltr'><strong>ad</strong></span> <span class='ocrx_word' id='word_1_11' title='bbox 515 328 670 389; x_wconf 80' lang='lat' dir='ltr'><strong>Luceriam</strong></span> <span class='ocrx_word' id='word_1_12' title='bbox 686 327 819 389; x_wconf 81' lang='lat' dir='ltr'><strong>Graccho</strong></span> <span class='ocrx_word' id='word_1_13' title='bbox 835 328 994 390; x_wconf 89' lang='lat' dir='ltr'><strong>succedere</strong></span> <span class='ocrx_word' id='word_1_14' title='bbox 1010 327 1101 389; x_wconf 92' lang='lat' dir='ltr'><strong>iubet.</strong></span> <span class='ocrx_word' id='word_1_15' title='bbox 1138 329 1168 389; x_wconf 89' lang='lat' dir='ltr'><strong>iu</strong></span> <span class='ocrx_word' id='word_1_16' title='bbox 1186 328 1270 390; x_wconf 89' lang='lat' dir='ltr'><strong>Siei-</strong></span> 
     </span>
     <span class='ocr_line' id='line_1_3' title="bbox 184 413 1268 493; baseline -0.003 -16"><span class='ocrx_word' id='word_1_17' title='bbox 184 417 251 477; x_wconf 93' lang='lat' dir='ltr'><strong>liam</strong></span> <span class='ocrx_word' id='word_1_18' title='bbox 274 415 379 477; x_wconf 90' lang='lat' dir='ltr'><strong>eodem</strong></span> <span class='ocrx_word' id='word_1_19' title='bbox 402 423 536 493; x_wconf 90' lang='lat' dir='ltr'><strong>tempore</strong></span> <span class='ocrx_word' id='word_1_20' title='bbox 558 413 616 474; x_wconf 92' lang='lat' dir='ltr'><strong>duo</strong></span> <span class='ocrx_word' id='word_1_21' title='bbox 640 421 793 492; x_wconf 90' lang='lat' dir='ltr'><strong>praetores</strong></span> <span class='ocrx_word' id='word_1_22' title='bbox 815 413 955 493; x_wconf 79' lang='lat' dir='ltr'><strong>protecti,</strong></span> <span class='ocrx_word' id='word_1_23' title='bbox 985 414 1017 474; x_wconf 85' lang='lat' dir='ltr'><strong>P.</strong></span> <span class='ocrx_word' id='word_1_24' title='bbox 1041 413 1197 475; x_wconf 86' lang='lat' dir='ltr'><strong>Cornelius</strong></span> <span class='ocrx_word' id='word_1_25' title='bbox 1228 414 1268 474; x_wconf 91' lang='lat' dir='ltr'><strong>ad</strong></span> 
     </span>
     <span class='ocr_line' id='line_1_4' title="bbox 184 499 1268 578; baseline -0.003 -16"><span class='ocrx_word' id='word_1_26' title='bbox 184 501 355 575; x_wconf 90' lang='lat' dir='ltr'><strong>exercitum,</strong></span> <span class='ocrx_word' id='word_1_27' title='bbox 379 501 412 559; x_wconf 88' lang='lat' dir='ltr'><strong>T.</strong></span> <span class='ocrx_word' id='word_1_28' title='bbox 430 499 581 571; x_wconf 84' lang='lat' dir='ltr'><strong>Otacilius,</strong></span> <span class='ocrx_word' id='word_1_29' title='bbox 605 499 655 577; x_wconf 94' lang='lat' dir='ltr'><strong>qui</strong></span> <span class='ocrx_word' id='word_1_30' title='bbox 670 499 833 559; x_wconf 83' lang='lat' dir='ltr'><strong>maritimae</strong></span> <span class='ocrx_word' id='word_1_31' title='bbox 849 517 918 558; x_wconf 92' lang='lat' dir='ltr'><strong>orae</strong></span> <span class='ocrx_word' id='word_1_32' title='bbox 936 499 1040 577; x_wconf 88' lang='lat' dir='ltr'><strong>reique</strong></span> <span class='ocrx_word' id='word_1_33' title='bbox 1062 499 1159 559; x_wconf 90' lang='lat' dir='ltr'><strong>nauali</strong></span> <span class='ocrx_word' id='word_1_34' title='bbox 1174 517 1268 578; x_wconf 87' lang='lat' dir='ltr'><strong>prae-</strong></span> 
     </span>
    </p>

    <p class='ocr_par' dir='ltr' id='par_1_3' title="bbox 145 583 1306 836">
     <span class='ocr_line' id='line_1_5' title="bbox 145 583 1268 663; baseline -0.002 -16"><span class='ocrx_word' id='word_1_35' title='bbox 145 596 160 647; x_wconf 83' lang='lat'><em>8</em></span> <span class='ocrx_word' id='word_1_36' title='bbox 182 596 267 648; x_wconf 88' lang='lat' dir='ltr'><strong>esset.</strong></span> <span class='ocrx_word' id='word_1_37' title='bbox 305 595 335 646; x_wconf 91' lang='lat' dir='ltr'><strong>et</strong></span> <span class='ocrx_word' id='word_1_38' title='bbox 356 583 448 645; x_wconf 86' lang='lat' dir='ltr'><strong>ceteri</strong></span> <span class='ocrx_word' id='word_1_39' title='bbox 470 585 499 644; x_wconf 93' lang='lat' dir='ltr'><strong>iu</strong></span> <span class='ocrx_word' id='word_1_40' title='bbox 517 602 584 645; x_wconf 89' lang='lat' dir='ltr'><strong>suas</strong></span> <span class='ocrx_word' id='word_1_41' title='bbox 606 583 731 663; x_wconf 92' lang='lat' dir='ltr'><strong>quisque</strong></span> <span class='ocrx_word' id='word_1_42' title='bbox 750 583 920 663; x_wconf 89' lang='lat' dir='ltr'><strong>prouincias</strong></span> <span class='ocrx_word' id='word_1_43' title='bbox 935 583 1077 662; x_wconf 88' lang='lat' dir='ltr'><strong>proleoti;</strong></span> <span class='ocrx_word' id='word_1_44' title='bbox 1100 592 1130 644; x_wconf 91' lang='lat' dir='ltr'><strong>et</strong></span> <span class='ocrx_word' id='word_1_45' title='bbox 1152 583 1268 662; x_wconf 90' lang='lat' dir='ltr'><strong>quibus</strong></span> 
     </span>
     <span class='ocr_line' id='line_1_6' title="bbox 172 669 1306 751; baseline -0.003 -20"><span class='ocrx_word' id='word_1_46' title='bbox 172 681 374 751; x_wconf 82' lang='lat' dir='ltr'><strong>prorogatum</strong></span> <span class='ocrx_word' id='word_1_47' title='bbox 397 670 553 749; x_wconf 89' lang='lat' dir='ltr'><strong>imperium</strong></span> <span class='ocrx_word' id='word_1_48' title='bbox 570 679 634 730; x_wconf 89' lang='lat' dir='ltr'><strong>erat</strong></span> <span class='ocrx_word' id='word_1_49' title='bbox 648 669 775 742; x_wconf 87' lang='lat' dir='ltr'><strong>easdem,</strong></span> <span class='ocrx_word' id='word_1_50' title='bbox 798 686 871 748; x_wconf 88' lang='lat' dir='ltr'><strong>quas</strong></span> <span class='ocrx_word' id='word_1_51' title='bbox 893 669 986 748; x_wconf 93' lang='lat' dir='ltr'><strong>priori</strong></span> <span class='ocrx_word' id='word_1_52' title='bbox 1009 687 1099 742; x_wconf 91' lang='lat' dir='ltr'><strong>anuo,</strong></span> <span class='ocrx_word' id='word_1_53' title='bbox 1122 669 1267 747; x_wconf 79' lang='lat' dir='ltr'><strong>regiones</strong></span> <span class='ocrx_word' id='word_1_54' title='bbox 1290 680 1306 728; x_wconf 79' lang='lat' dir='ltr'><strong>a</strong></span> 
     </span>
     <span class='ocr_line' id='line_1_7' title="bbox 183 757 387 836; baseline -0.005 -20"><span class='ocrx_word' id='word_1_55' title='bbox 183 757 387 836; x_wconf 90' lang='lat' dir='ltr'><strong>optinuerunt.</strong></span> 
     </span>
    </p>

    <p class='ocr_par' dir='ltr' id='par_1_4' title="bbox 130 837 1321 1174">
     <span class='ocr_line' id='line_1_8' title="bbox 130 837 1266 916; baseline -0.004 -15"><span class='ocrx_word' id='word_1_56' title='bbox 130 846 166 903; x_wconf 78' lang='lat'><strong>13</strong></span> <span class='ocrx_word' id='word_1_57' title='bbox 270 841 313 901; x_wconf 81' lang='lat' dir='ltr'><strong>dd</strong></span> <span class='ocrx_word' id='word_1_58' title='bbox 330 838 534 911; x_wconf 89' lang='lat' dir='ltr'><strong>Hannibalem,</strong></span> <span class='ocrx_word' id='word_1_59' title='bbox 557 857 624 900; x_wconf 89' lang='lat' dir='ltr'><strong>oum</strong></span> <span class='ocrx_word' id='word_1_60' title='bbox 648 838 683 898; x_wconf 89' lang='lat' dir='ltr'><strong>ad</strong></span> <span class='ocrx_word' id='word_1_61' title='bbox 699 837 795 899; x_wconf 89' lang='lat' dir='ltr'><strong>lacum</strong></span> <span class='ocrx_word' id='word_1_62' title='bbox 811 837 924 899; x_wconf 75' lang='lat' dir='ltr'><strong>Auerni</strong></span> <span class='ocrx_word' id='word_1_63' title='bbox 946 845 1032 910; x_wconf 83' lang='lat' dir='ltr'><strong>esset,</strong></span> <span class='ocrx_word' id='word_1_64' title='bbox 1055 838 1189 916; x_wconf 90' lang='lat' dir='ltr'><strong>quinque</strong></span> <span class='ocrx_word' id='word_1_65' title='bbox 1207 857 1266 898; x_wconf 95' lang='lat' dir='ltr'><strong>no-</strong></span> 
     </span>
     <span class='ocr_line' id='line_1_9' title="bbox 182 922 1265 1002; baseline -0.001 -18"><span class='ocrx_word' id='word_1_66' title='bbox 182 925 256 986; x_wconf 88' lang='lat' dir='ltr'><strong>biles</strong></span> <span class='ocrx_word' id='word_1_67' title='bbox 278 927 403 987; x_wconf 90' lang='lat' dir='ltr'><strong>iuuenes</strong></span> <span class='ocrx_word' id='word_1_68' title='bbox 425 925 460 985; x_wconf 92' lang='lat' dir='ltr'><strong>ab</strong></span> <span class='ocrx_word' id='word_1_69' title='bbox 484 923 613 984; x_wconf 89' lang='lat' dir='ltr'><strong>Tarento</strong></span> <span class='ocrx_word' id='word_1_70' title='bbox 635 933 803 995; x_wconf 91' lang='lat' dir='ltr'><strong>uenerunt,</strong></span> <span class='ocrx_word' id='word_1_71' title='bbox 832 922 939 1002; x_wconf 92' lang='lat' dir='ltr'><strong>partim</strong></span> <span class='ocrx_word' id='word_1_72' title='bbox 963 923 998 982; x_wconf 92' lang='lat' dir='ltr'><strong>ad</strong></span> <span class='ocrx_word' id='word_1_73' title='bbox 1021 922 1265 984; x_wconf 87' lang='lat' dir='ltr'><strong>Trasumennum</strong></span> 
     </span>
     <span class='ocr_line' id='line_1_10' title="bbox 182 1008 1266 1090; baseline 0 -21"><span class='ocrx_word' id='word_1_74' title='bbox 182 1011 276 1071; x_wconf 91' lang='lat' dir='ltr'><strong>lacum</strong></span> <span class='ocrx_word' id='word_1_75' title='bbox 307 1011 414 1090; x_wconf 92' lang='lat' dir='ltr'><strong>partim</strong></span> <span class='ocrx_word' id='word_1_76' title='bbox 437 1009 472 1069; x_wconf 90' lang='lat' dir='ltr'><strong>ad</strong></span> <span class='ocrx_word' id='word_1_77' title='bbox 496 1008 612 1070; x_wconf 83' lang='lat' dir='ltr'><strong>Cannas</strong></span> <span class='ocrx_word' id='word_1_78' title='bbox 634 1009 710 1088; x_wconf 91' lang='lat' dir='ltr'><strong>capti</strong></span> <span class='ocrx_word' id='word_1_79' title='bbox 740 1008 911 1087; x_wconf 86' lang='lat' dir='ltr'><strong>dimissique</strong></span> <span class='ocrx_word' id='word_1_80' title='bbox 939 1008 1043 1068; x_wconf 90' lang='lat' dir='ltr'><strong>domos</strong></span> <span class='ocrx_word' id='word_1_81' title='bbox 1065 1026 1135 1068; x_wconf 92' lang='lat' dir='ltr'><strong>cum</strong></span> <span class='ocrx_word' id='word_1_82' title='bbox 1157 1009 1266 1069; x_wconf 90' lang='lat' dir='ltr'><strong>eadem</strong></span> 
     </span>
     <span class='ocr_line' id='line_1_11' title="bbox 182 1092 1321 1174; baseline 0 -20"><span class='ocrx_word' id='word_1_83' title='bbox 182 1095 329 1169; x_wconf 86' lang='lat' dir='ltr'><strong>comitate,</strong></span> <span class='ocrx_word' id='word_1_84' title='bbox 353 1114 411 1174; x_wconf 90' lang='lat' dir='ltr'><strong>qua</strong></span> <span class='ocrx_word' id='word_1_85' title='bbox 425 1113 497 1156; x_wconf 89' lang='lat' dir='ltr'><strong>usus</strong></span> <span class='ocrx_word' id='word_1_86' title='bbox 520 1093 661 1154; x_wconf 89' lang='lat' dir='ltr'><strong>aduersus</strong></span> <span class='ocrx_word' id='word_1_87' title='bbox 684 1111 789 1154; x_wconf 92' lang='lat' dir='ltr'><strong>omnes</strong></span> <span class='ocrx_word' id='word_1_88' title='bbox 803 1092 1006 1153; x_wconf 85' lang='lat' dir='ltr'><strong>Romanorum</strong></span> <span class='ocrx_word' id='word_1_89' title='bbox 1028 1093 1127 1153; x_wconf 92' lang='lat' dir='ltr'><strong>socios</strong></span> <span class='ocrx_word' id='word_1_90' title='bbox 1143 1093 1266 1154; x_wconf 86' lang='lat' dir='ltr'><strong>Poenus</strong></span> <span class='ocrx_word' id='word_1_91' title='bbox 1290 1105 1321 1154; x_wconf 86' lang='lat'><strong>10</strong></span> 
     </span>
    </p>

    <p class='ocr_par' dir='ltr' id='par_1_5' title="bbox 143 1177 1265 1514">
     <span class='ocr_line' id='line_1_12' title="bbox 143 1177 1265 1258; baseline -0.002 -18"><span class='ocrx_word' id='word_1_92' title='bbox 143 1190 157 1240; x_wconf 82' lang='lat' dir='ltr'><strong>t</strong></span> <span class='ocrx_word' id='word_1_93' title='bbox 181 1182 286 1242; x_wconf 89' lang='lat' dir='ltr'><strong>luerat.</strong></span> <span class='ocrx_word' id='word_1_94' title='bbox 325 1181 352 1241; x_wconf 93' lang='lat' dir='ltr'><strong>ei</strong></span> <span class='ocrx_word' id='word_1_95' title='bbox 374 1198 522 1240; x_wconf 89' lang='lat' dir='ltr'><strong>memores</strong></span> <span class='ocrx_word' id='word_1_96' title='bbox 541 1178 756 1240; x_wconf 86' lang='lat' dir='ltr'><strong>beneficiorum</strong></span> <span class='ocrx_word' id='word_1_97' title='bbox 771 1178 835 1238; x_wconf 92' lang='lat' dir='ltr'><strong>eius</strong></span> <span class='ocrx_word' id='word_1_98' title='bbox 857 1177 1023 1257; x_wconf 89' lang='lat' dir='ltr'><strong>perpulisse</strong></span> <span class='ocrx_word' id='word_1_99' title='bbox 1039 1196 1176 1256; x_wconf 81' lang='lat' dir='ltr'><strong>magnam</strong></span> <span class='ocrx_word' id='word_1_100' title='bbox 1193 1196 1265 1258; x_wconf 93' lang='lat' dir='ltr'><strong>par-</strong></span> 
     </span>
     <span class='ocr_line' id='line_1_13' title="bbox 181 1262 1265 1335; baseline -0.002 -10"><span class='ocrx_word' id='word_1_101' title='bbox 181 1277 240 1326; x_wconf 92' lang='lat' dir='ltr'><strong>tem</strong></span> <span class='ocrx_word' id='word_1_102' title='bbox 263 1285 294 1327; x_wconf 92' lang='lat' dir='ltr'><strong>se</strong></span> <span class='ocrx_word' id='word_1_103' title='bbox 314 1265 478 1327; x_wconf 89' lang='lat' dir='ltr'><strong>iuuentutis</strong></span> <span class='ocrx_word' id='word_1_104' title='bbox 493 1263 671 1325; x_wconf 86' lang='lat' dir='ltr'><strong>Tarentinae</strong></span> <span class='ocrx_word' id='word_1_105' title='bbox 690 1264 833 1335; x_wconf 78' lang='lat' dir='ltr'><strong>releruut,</strong></span> <span class='ocrx_word' id='word_1_106' title='bbox 855 1272 889 1324; x_wconf 88' lang='lat' dir='ltr'><strong>ut</strong></span> <span class='ocrx_word' id='word_1_107' title='bbox 908 1262 1081 1324; x_wconf 87' lang='lat' dir='ltr'><strong>llaunibalis</strong></span> <span class='ocrx_word' id='word_1_108' title='bbox 1104 1263 1265 1324; x_wconf 90' lang='lat' dir='ltr'><strong>amicitiam</strong></span> 
     </span>
     <span class='ocr_line' id='line_1_14' title="bbox 180 1348 1264 1428; baseline -0.001 -18"><span class='ocrx_word' id='word_1_109' title='bbox 180 1369 214 1411; x_wconf 90' lang='lat' dir='ltr'><strong>ac</strong></span> <span class='ocrx_word' id='word_1_110' title='bbox 237 1352 406 1412; x_wconf 89' lang='lat' dir='ltr'><strong>societatem</strong></span> <span class='ocrx_word' id='word_1_111' title='bbox 430 1368 517 1428; x_wconf 93' lang='lat' dir='ltr'><strong>quam</strong></span> <span class='ocrx_word' id='word_1_112' title='bbox 533 1349 635 1428; x_wconf 90' lang='lat' dir='ltr'><strong>populi</strong></span> <span class='ocrx_word' id='word_1_113' title='bbox 651 1348 777 1408; x_wconf 83' lang='lat' dir='ltr'><strong>Romani</strong></span> <span class='ocrx_word' id='word_1_114' title='bbox 796 1348 928 1421; x_wconf 84' lang='lat' dir='ltr'><strong>mallent,</strong></span> <span class='ocrx_word' id='word_1_115' title='bbox 951 1348 1123 1427; x_wconf 82' lang='lat' dir='ltr'><strong>legatosque</strong></span> <span class='ocrx_word' id='word_1_116' title='bbox 1146 1348 1183 1408; x_wconf 92' lang='lat' dir='ltr'><strong>ab</strong></span> <span class='ocrx_word' id='word_1_117' title='bbox 1199 1350 1264 1409; x_wconf 88' lang='lat' dir='ltr'><strong>suis</strong></span> 
     </span>
     <span class='ocr_line' id='line_1_15' title="bbox 180 1432 1263 1514; baseline -0.001 -20"><span class='ocrx_word' id='word_1_118' title='bbox 180 1435 286 1498; x_wconf 88' lang='lat' dir='ltr'><strong>missos</strong></span> <span class='ocrx_word' id='word_1_119' title='bbox 307 1455 414 1514; x_wconf 86' lang='lat' dir='ltr'><strong>rogare</strong></span> <span class='ocrx_word' id='word_1_120' title='bbox 429 1434 634 1506; x_wconf 88' lang='lat' dir='ltr'><strong>Hannibalem,</strong></span> <span class='ocrx_word' id='word_1_121' title='bbox 656 1442 692 1493; x_wconf 91' lang='lat' dir='ltr'><strong>ut</strong></span> <span class='ocrx_word' id='word_1_122' title='bbox 705 1434 867 1494; x_wconf 82' lang='lat' dir='ltr'><strong>exercitum</strong></span> <span class='ocrx_word' id='word_1_123' title='bbox 884 1433 1008 1513; x_wconf 91' lang='lat' dir='ltr'><strong>propius</strong></span> <span class='ocrx_word' id='word_1_124' title='bbox 1024 1432 1186 1495; x_wconf 90' lang='lat' dir='ltr'><strong>Tarentum</strong></span> <span class='ocrx_word' id='word_1_125' title='bbox 1209 1435 1263 1494; x_wconf 90' lang='lat' dir='ltr'><strong>ad-</strong></span> 
     </span>
    </p>

    <p class='ocr_par' dir='ltr' id='par_1_6' title="bbox 142 1518 1320 1682">
     <span class='ocr_line' id='line_1_16' title="bbox 142 1518 1320 1599; baseline 0.001 -20"><span class='ocrx_word' id='word_1_126' title='bbox 142 1530 157 1579; x_wconf 81' lang='lat'>3</span> <span class='ocrx_word' id='word_1_127' title='bbox 178 1531 310 1582; x_wconf 87' lang='lat' dir='ltr'><strong>moueat:</strong></span> <span class='ocrx_word' id='word_1_128' title='bbox 334 1521 359 1581; x_wconf 89' lang='lat' dir='ltr'><strong>si</strong></span> <span class='ocrx_word' id='word_1_129' title='bbox 381 1522 465 1599; x_wconf 80' lang='lat' dir='ltr'><strong>signa</strong></span> <span class='ocrx_word' id='word_1_130' title='bbox 488 1519 560 1593; x_wconf 79' lang='lat' dir='ltr'><strong>eiua,</strong></span> <span class='ocrx_word' id='word_1_131' title='bbox 583 1519 608 1579; x_wconf 91' lang='lat' dir='ltr'><strong>si</strong></span> <span class='ocrx_word' id='word_1_132' title='bbox 626 1527 722 1579; x_wconf 86' lang='lat' dir='ltr'><strong>eastra</strong></span> <span class='ocrx_word' id='word_1_133' title='bbox 745 1526 905 1597; x_wconf 88' lang='lat' dir='ltr'><strong>conspecta</strong></span> <span class='ocrx_word' id='word_1_134' title='bbox 920 1537 937 1578; x_wconf 92' lang='lat' dir='ltr'><strong>a</strong></span> <span class='ocrx_word' id='word_1_135' title='bbox 952 1518 1081 1579; x_wconf 91' lang='lat' dir='ltr'><strong>Tarento</strong></span> <span class='ocrx_word' id='word_1_136' title='bbox 1097 1519 1167 1592; x_wconf 88' lang='lat' dir='ltr'><strong>sint,</strong></span> <span class='ocrx_word' id='word_1_137' title='bbox 1190 1519 1265 1579; x_wconf 92' lang='lat' dir='ltr'><strong>haut</strong></span> <span class='ocrx_word' id='word_1_138' title='bbox 1288 1530 1320 1580; x_wconf 79' lang='lat'><strong>15</strong></span> 
     </span>
     <span class='ocr_line' id='line_1_17' title="bbox 181 1603 1262 1682; baseline -0.002 -16"><span class='ocrx_word' id='word_1_139' title='bbox 181 1605 268 1666; x_wconf 86' lang='lat' dir='ltr'><strong>ullam</strong></span> <span class='ocrx_word' id='word_1_140' title='bbox 292 1607 520 1666; x_wconf 86' lang='lat' dir='ltr'><strong>intercessuram</strong></span> <span class='ocrx_word' id='word_1_141' title='bbox 539 1621 660 1675; x_wconf 85' lang='lat' dir='ltr'><strong>moram,</strong></span> <span class='ocrx_word' id='word_1_142' title='bbox 685 1603 756 1681; x_wconf 89' lang='lat' dir='ltr'><strong>quin</strong></span> <span class='ocrx_word' id='word_1_143' title='bbox 780 1603 853 1664; x_wconf 91' lang='lat' dir='ltr'><strong>urbs</strong></span> <span class='ocrx_word' id='word_1_144' title='bbox 874 1605 904 1664; x_wconf 88' lang='lat' dir='ltr'><strong>in</strong></span> <span class='ocrx_word' id='word_1_145' title='bbox 921 1612 1096 1682; x_wconf 88' lang='lat' dir='ltr'><strong>potestatem</strong></span> <span class='ocrx_word' id='word_1_146' title='bbox 1120 1605 1184 1664; x_wconf 87' lang='lat' dir='ltr'><strong>eius</strong></span> <span class='ocrx_word' id='word_1_147' title='bbox 1200 1614 1262 1664; x_wconf 91' lang='lat' dir='ltr'><strong>tra-</strong></span> 
     </span>
    </p>

    <p class='ocr_par' dir='ltr' id='par_1_7' title="bbox 94 1683 1262 1768">
     <span class='ocr_line' id='line_1_18' title="bbox 94 1683 1262 1768; baseline 0 -20"><span class='ocrx_word' id='word_1_148' title='bbox 94 1683 102 1694; x_wconf 83' lang='grc'><strong>“</strong></span> <span class='ocrx_word' id='word_1_149' title='bbox 181 1692 282 1766; x_wconf 90' lang='lat' dir='ltr'><strong>datur;</strong></span> <span class='ocrx_word' id='word_1_150' title='bbox 315 1691 346 1750; x_wconf 91' lang='lat' dir='ltr'><strong>iu</strong></span> <span class='ocrx_word' id='word_1_151' title='bbox 377 1699 522 1768; x_wconf 85' lang='lat' dir='ltr'><strong>potestate</strong></span> <span class='ocrx_word' id='word_1_152' title='bbox 550 1688 701 1749; x_wconf 89' lang='lat' dir='ltr'><strong>iuniorum</strong></span> <span class='ocrx_word' id='word_1_153' title='bbox 731 1687 863 1766; x_wconf 81' lang='lat' dir='ltr'><strong>plebem,</strong></span> <span class='ocrx_word' id='word_1_154' title='bbox 893 1689 923 1748; x_wconf 91' lang='lat' dir='ltr'><strong>in</strong></span> <span class='ocrx_word' id='word_1_155' title='bbox 954 1706 1045 1748; x_wconf 90' lang='lat' dir='ltr'><strong>manu</strong></span> <span class='ocrx_word' id='word_1_156' title='bbox 1074 1687 1169 1768; x_wconf 89' lang='lat' dir='ltr'><strong>plebis</strong></span> <span class='ocrx_word' id='word_1_157' title='bbox 1196 1707 1262 1749; x_wconf 89' lang='lat' dir='ltr'><strong>rem</strong></span> 
     </span>
    </p>

    <p class='ocr_par' dir='ltr' id='par_1_8' title="bbox 143 1772 1315 2023">
     <span class='ocr_line' id='line_1_19' title="bbox 143 1772 1261 1852; baseline -0.004 -15"><span class='ocrx_word' id='word_1_158' title='bbox 143 1787 158 1837; x_wconf 82' lang='grc'>1</span> <span class='ocrx_word' id='word_1_159' title='bbox 180 1774 371 1835; x_wconf 91' lang='lat' dir='ltr'><strong>Tarentinam</strong></span> <span class='ocrx_word' id='word_1_160' title='bbox 387 1793 461 1836; x_wconf 89' lang='lat' dir='ltr'><strong>esse.</strong></span> <span class='ocrx_word' id='word_1_161' title='bbox 497 1773 646 1834; x_wconf 90' lang='lat' dir='ltr'><strong>Hannibal</strong></span> <span class='ocrx_word' id='word_1_162' title='bbox 661 1772 854 1834; x_wconf 85' lang='lat' dir='ltr'><strong>conlaudatos</strong></span> <span class='ocrx_word' id='word_1_163' title='bbox 870 1792 920 1834; x_wconf 90' lang='lat' dir='ltr'><strong>eos</strong></span> <span class='ocrx_word' id='word_1_164' title='bbox 936 1782 1135 1852; x_wconf 85' lang='lat' dir='ltr'><strong>oneratosque</strong></span> <span class='ocrx_word' id='word_1_165' title='bbox 1152 1774 1261 1852; x_wconf 82' lang='lat' dir='ltr'><strong>ingen·</strong></span> 
     </span>
     <span class='ocr_line' id='line_1_20' title="bbox 182 1858 1261 1938; baseline 0.001 -19"><span class='ocrx_word' id='word_1_166' title='bbox 182 1858 259 1920; x_wconf 89' lang='lat' dir='ltr'><strong>tibus</strong></span> <span class='ocrx_word' id='word_1_167' title='bbox 281 1860 433 1938; x_wconf 87' lang='lat' dir='ltr'><strong>promissis</strong></span> <span class='ocrx_word' id='word_1_168' title='bbox 456 1860 575 1920; x_wconf 90' lang='lat' dir='ltr'><strong>domum</strong></span> <span class='ocrx_word' id='word_1_169' title='bbox 598 1859 633 1918; x_wconf 93' lang='lat' dir='ltr'><strong>ad</strong></span> <span class='ocrx_word' id='word_1_170' title='bbox 656 1868 760 1937; x_wconf 91' lang='lat' dir='ltr'><strong>coepta</strong></span> <span class='ocrx_word' id='word_1_171' title='bbox 783 1859 956 1919; x_wconf 87' lang='lat' dir='ltr'><strong>maturanda</strong></span> <span class='ocrx_word' id='word_1_172' title='bbox 979 1859 1075 1919; x_wconf 90' lang='lat' dir='ltr'><strong>redire</strong></span> <span class='ocrx_word' id='word_1_173' title='bbox 1098 1858 1196 1919; x_wconf 91' lang='lat' dir='ltr'><strong>iubet:</strong></span> <span class='ocrx_word' id='word_1_174' title='bbox 1228 1878 1261 1921; x_wconf 87' lang='lat' dir='ltr'><strong>se</strong></span> 
     </span>
     <span class='ocr_line' id='line_1_21' title="bbox 180 1942 1315 2023; baseline 0.002 -19"><span class='ocrx_word' id='word_1_175' title='bbox 180 1945 211 2004; x_wconf 91' lang='lat' dir='ltr'><strong>in</strong></span> <span class='ocrx_word' id='word_1_176' title='bbox 235 1955 368 2023; x_wconf 88' lang='lat' dir='ltr'><strong>tempore</strong></span> <span class='ocrx_word' id='word_1_177' title='bbox 397 1945 565 2005; x_wconf 80' lang='lat' dir='ltr'><strong>adiuturum</strong></span> <span class='ocrx_word' id='word_1_178' title='bbox 591 1962 664 2004; x_wconf 87' lang='lat' dir='ltr'><strong>esse.</strong></span> <span class='ocrx_word' id='word_1_179' title='bbox 708 1944 763 2004; x_wconf 91' lang='lat' dir='ltr'><strong>hac</strong></span> <span class='ocrx_word' id='word_1_180' title='bbox 786 1962 855 2004; x_wconf 90' lang='lat' dir='ltr'><strong>cum</strong></span> <span class='ocrx_word' id='word_1_181' title='bbox 877 1962 929 2023; x_wconf 91' lang='lat' dir='ltr'><strong>spe</strong></span> <span class='ocrx_word' id='word_1_182' title='bbox 958 1942 1069 2006; x_wconf 89' lang='lat' dir='ltr'><strong>dimissi</strong></span> <span class='ocrx_word' id='word_1_183' title='bbox 1092 1944 1261 2005; x_wconf 90' lang='lat' dir='ltr'><strong>Tarentini.</strong></span> <span class='ocrx_word' id='word_1_184' title='bbox 1284 1957 1315 2006; x_wconf 81' lang='grc'><strong>111</strong></span> 
     </span>
    </p>

    <p class='ocr_par' dir='ltr' id='par_1_9' title="bbox 143 2027 1261 2359">
     <span class='ocr_line' id='line_1_22' title="bbox 143 2027 1261 2108; baseline -0.001 -19"><span class='ocrx_word' id='word_1_185' title='bbox 143 2040 157 2090; x_wconf 77' lang='lat' dir='ltr'><strong>o</strong></span> <span class='ocrx_word' id='word_1_186' title='bbox 180 2029 277 2107; x_wconf 91' lang='lat' dir='ltr'><strong>ipsum</strong></span> <span class='ocrx_word' id='word_1_187' title='bbox 300 2030 407 2107; x_wconf 85' lang='lat' dir='ltr'><strong>iugens</strong></span> <span class='ocrx_word' id='word_1_188' title='bbox 430 2029 537 2108; x_wconf 91' lang='lat' dir='ltr'><strong>cupido</strong></span> <span class='ocrx_word' id='word_1_189' title='bbox 560 2028 722 2089; x_wconf 91' lang='lat' dir='ltr'><strong>incesserat</strong></span> <span class='ocrx_word' id='word_1_190' title='bbox 737 2027 858 2089; x_wconf 89' lang='lat' dir='ltr'><strong>Tarenti</strong></span> <span class='ocrx_word' id='word_1_191' title='bbox 881 2029 1028 2107; x_wconf 91' lang='lat' dir='ltr'><strong>potiundi.</strong></span> <span class='ocrx_word' id='word_1_192' title='bbox 1065 2029 1171 2089; x_wconf 90' lang='lat' dir='ltr'><strong>urbem</strong></span> <span class='ocrx_word' id='word_1_193' title='bbox 1194 2047 1261 2090; x_wconf 90' lang='lat' dir='ltr'><strong>esse</strong></span> 
     </span>
     <span class='ocr_line' id='line_1_23' title="bbox 180 2113 1261 2194; baseline 0.002 -20"><span class='ocrx_word' id='word_1_194' title='bbox 180 2114 298 2175; x_wconf 87' lang='lat' dir='ltr'><strong>uidebat</strong></span> <span class='ocrx_word' id='word_1_195' title='bbox 322 2133 388 2176; x_wconf 89' lang='lat' dir='ltr'><strong>oum</strong></span> <span class='ocrx_word' id='word_1_196' title='bbox 412 2114 583 2194; x_wconf 89' lang='lat' dir='ltr'><strong>opulentam</strong></span> <span class='ocrx_word' id='word_1_197' title='bbox 607 2113 798 2192; x_wconf 91' lang='lat' dir='ltr'><strong>nobilemque</strong></span> <span class='ocrx_word' id='word_1_198' title='bbox 820 2123 883 2174; x_wconf 92' lang='lat' dir='ltr'><strong>tum</strong></span> <span class='ocrx_word' id='word_1_199' title='bbox 906 2114 1081 2174; x_wconf 88' lang='lat' dir='ltr'><strong>maritimam</strong></span> <span class='ocrx_word' id='word_1_200' title='bbox 1104 2115 1180 2176; x_wconf 89' lang='lat' dir='ltr'><strong>etin</strong></span> <span class='ocrx_word' id='word_1_201' title='bbox 1197 2115 1261 2176; x_wconf 85' lang='lat' dir='ltr'><strong>lla·</strong></span> 
     </span>
     <span class='ocr_line' id='line_1_24' title="bbox 180 2199 1261 2280; baseline 0.001 -20"><span class='ocrx_word' id='word_1_202' title='bbox 180 2200 332 2260; x_wconf 86' lang='lat' dir='ltr'><strong>oedouiam</strong></span> <span class='ocrx_word' id='word_1_203' title='bbox 357 2210 525 2280; x_wconf 89' lang='lat' dir='ltr'><strong>opportune</strong></span> <span class='ocrx_word' id='word_1_204' title='bbox 547 2218 680 2272; x_wconf 91' lang='lat' dir='ltr'><strong>uersam,</strong></span> <span class='ocrx_word' id='word_1_205' title='bbox 709 2217 870 2278; x_wconf 84' lang='lat' dir='ltr'><strong>regemque</strong></span> <span class='ocrx_word' id='word_1_206' title='bbox 894 2199 1061 2279; x_wconf 82' lang='lat' dir='ltr'><strong>Philippum</strong></span> <span class='ocrx_word' id='word_1_207' title='bbox 1084 2201 1166 2261; x_wconf 92' lang='lat' dir='ltr'><strong>hunc</strong></span> <span class='ocrx_word' id='word_1_208' title='bbox 1188 2219 1261 2280; x_wconf 91' lang='lat' dir='ltr'><strong>por·</strong></span> 
     </span>
     <span class='ocr_line' id='line_1_25' title="bbox 181 2283 1261 2359; baseline 0.001 -14"><span class='ocrx_word' id='word_1_209' title='bbox 181 2296 261 2359; x_wconf 91' lang='lat' dir='ltr'><strong>tum,</strong></span> <span class='ocrx_word' id='word_1_210' title='bbox 284 2286 325 2359; x_wconf 87' lang='lat' dir='ltr'><strong>si,</strong></span> <span class='ocrx_word' id='word_1_211' title='bbox 349 2304 417 2345; x_wconf 90' lang='lat' dir='ltr'><strong>oum</strong></span> <span class='ocrx_word' id='word_1_212' title='bbox 440 2285 580 2345; x_wconf 88' lang='lat' dir='ltr'><strong>transiret</strong></span> <span class='ocrx_word' id='word_1_213' title='bbox 602 2285 631 2344; x_wconf 91' lang='lat' dir='ltr'><strong>in</strong></span> <span class='ocrx_word' id='word_1_214' title='bbox 656 2283 782 2357; x_wconf 91' lang='lat' dir='ltr'><strong>ltaliam,</strong></span> <span class='ocrx_word' id='word_1_215' title='bbox 805 2284 996 2345; x_wconf 90' lang='lat' dir='ltr'><strong>Brundisium</strong></span> <span class='ocrx_word' id='word_1_216' title='bbox 1019 2284 1144 2345; x_wconf 85' lang='lat' dir='ltr'><strong>Romani</strong></span> <span class='ocrx_word' id='word_1_217' title='bbox 1167 2286 1261 2347; x_wconf 91' lang='lat' dir='ltr'><strong>habe·</strong></span> 
     </span>
    </p>

    <p class='ocr_par' dir='ltr' id='par_1_10' title="bbox 142 2370 1312 2620">
     <span class='ocr_line' id='line_1_26' title="bbox 142 2370 1312 2450; baseline 0 -19"><span class='ocrx_word' id='word_1_218' title='bbox 142 2379 262 2444; x_wconf 81' lang='lat' dir='ltr'><strong>orent,</strong></span> <span class='ocrx_word' id='word_1_219' title='bbox 293 2370 467 2450; x_wconf 88' lang='lat' dir='ltr'><strong>petiturum.</strong></span> <span class='ocrx_word' id='word_1_220' title='bbox 511 2388 596 2430; x_wconf 90' lang='lat' dir='ltr'><strong>sacro</strong></span> <span class='ocrx_word' id='word_1_221' title='bbox 627 2370 696 2429; x_wconf 90' lang='lat' dir='ltr'><strong>inde</strong></span> <span class='ocrx_word' id='word_1_222' title='bbox 724 2377 912 2447; x_wconf 88' lang='lat' dir='ltr'><strong>perpetrato,</strong></span> <span class='ocrx_word' id='word_1_223' title='bbox 942 2371 976 2430; x_wconf 93' lang='lat' dir='ltr'><strong>ad</strong></span> <span class='ocrx_word' id='word_1_224' title='bbox 1008 2370 1087 2448; x_wconf 93' lang='lat' dir='ltr'><strong>quod</strong></span> <span class='ocrx_word' id='word_1_225' title='bbox 1117 2380 1261 2444; x_wconf 90' lang='lat' dir='ltr'><strong>uenerat,</strong></span> <span class='ocrx_word' id='word_1_226' title='bbox 1282 2381 1312 2431; x_wconf 73' lang='lat'><strong>25</strong></span> 
     </span>
     <span class='ocr_line' id='line_1_27' title="bbox 180 2453 1259 2533; baseline 0 -18"><span class='ocrx_word' id='word_1_227' title='bbox 180 2464 223 2529; x_wconf 93' lang='lat' dir='ltr'><strong>et,</strong></span> <span class='ocrx_word' id='word_1_228' title='bbox 253 2456 323 2515; x_wconf 92' lang='lat' dir='ltr'><strong>dum</strong></span> <span class='ocrx_word' id='word_1_229' title='bbox 347 2455 387 2515; x_wconf 90' lang='lat' dir='ltr'><strong>ibi</strong></span> <span class='ocrx_word' id='word_1_230' title='bbox 409 2464 557 2527; x_wconf 89' lang='lat' dir='ltr'><strong>moratur,</strong></span> <span class='ocrx_word' id='word_1_231' title='bbox 587 2461 756 2533; x_wconf 89' lang='lat' dir='ltr'><strong>peruastato</strong></span> <span class='ocrx_word' id='word_1_232' title='bbox 779 2472 850 2531; x_wconf 84' lang='lat' dir='ltr'><strong>agro</strong></span> <span class='ocrx_word' id='word_1_233' title='bbox 874 2453 1005 2515; x_wconf 83' lang='lat' dir='ltr'><strong>Cumano</strong></span> <span class='ocrx_word' id='word_1_234' title='bbox 1028 2455 1180 2533; x_wconf 88' lang='lat' dir='ltr'><strong>usquead</strong></span> <span class='ocrx_word' id='word_1_235' title='bbox 1204 2456 1259 2515; x_wconf 87' lang='lat' dir='ltr'><strong>ldi-</strong></span> 
     </span>
     <span class='ocr_line' id='line_1_28' title="bbox 180 2539 1259 2620; baseline -0.001 -19"><span class='ocrx_word' id='word_1_236' title='bbox 180 2540 244 2601; x_wconf 90' lang='lat' dir='ltr'><strong>seni</strong></span> <span class='ocrx_word' id='word_1_237' title='bbox 260 2540 512 2620; x_wconf 89' lang='lat' dir='ltr'><strong>promunturium,</strong></span> <span class='ocrx_word' id='word_1_238' title='bbox 528 2539 667 2599; x_wconf 85' lang='lat' dir='ltr'><strong>Puteolos</strong></span> <span class='ocrx_word' id='word_1_239' title='bbox 683 2550 808 2618; x_wconf 89' lang='lat' dir='ltr'><strong>repente</strong></span> <span class='ocrx_word' id='word_1_240' title='bbox 824 2557 928 2615; x_wconf 85' lang='lat' dir='ltr'><strong>agmen</strong></span> <span class='ocrx_word' id='word_1_241' title='bbox 942 2540 1093 2600; x_wconf 87' lang='lat' dir='ltr'><strong>conuertit</strong></span> <span class='ocrx_word' id='word_1_242' title='bbox 1106 2541 1141 2600; x_wconf 93' lang='lat' dir='ltr'><strong>ad</strong></span> <span class='ocrx_word' id='word_1_243' title='bbox 1156 2541 1259 2620; x_wconf 93' lang='lat' dir='ltr'><strong>oppri-</strong></span> 
     </span>
    </p>

    <p class='ocr_par' dir='ltr' id='par_1_11' title="bbox 143 2623 1309 2959">
     <span class='ocr_line' id='line_1_29' title="bbox 143 2623 1260 2703; baseline 0 -18"><span class='ocrx_word' id='word_1_244' title='bbox 143 2625 318 2685; x_wconf 80' lang='lat' dir='ltr'><strong>tmendum</strong></span> <span class='ocrx_word' id='word_1_245' title='bbox 343 2624 522 2703; x_wconf 90' lang='lat' dir='ltr'><strong>praesidium</strong></span> <span class='ocrx_word' id='word_1_246' title='bbox 544 2623 722 2684; x_wconf 85' lang='lat' dir='ltr'><strong>Romanum.</strong></span> <span class='ocrx_word' id='word_1_247' title='bbox 760 2642 810 2683; x_wconf 87' lang='lat' dir='ltr'><strong>sex</strong></span> <span class='ocrx_word' id='word_1_248' title='bbox 833 2624 912 2684; x_wconf 89' lang='lat' dir='ltr'><strong>milia</strong></span> <span class='ocrx_word' id='word_1_249' title='bbox 934 2624 1089 2684; x_wconf 91' lang='lat' dir='ltr'><strong>hominum</strong></span> <span class='ocrx_word' id='word_1_250' title='bbox 1111 2633 1206 2699; x_wconf 87' lang='lat' dir='ltr'><strong>erant,</strong></span> <span class='ocrx_word' id='word_1_251' title='bbox 1230 2635 1260 2686; x_wconf 91' lang='lat' dir='ltr'><strong>et</strong></span> 
     </span>
     <span class='ocr_line' id='line_1_30' title="bbox 180 2709 1258 2787; baseline 0 -18"><span class='ocrx_word' id='word_1_252' title='bbox 180 2710 264 2771; x_wconf 91' lang='lat' dir='ltr'><strong>locus</strong></span> <span class='ocrx_word' id='word_1_253' title='bbox 285 2710 471 2769; x_wconf 89' lang='lat' dir='ltr'><strong>muuimento</strong></span> <span class='ocrx_word' id='word_1_254' title='bbox 502 2727 638 2787; x_wconf 89' lang='lat' dir='ltr'><strong>quoque,</strong></span> <span class='ocrx_word' id='word_1_255' title='bbox 669 2728 730 2769; x_wconf 90' lang='lat' dir='ltr'><strong>uon</strong></span> <span class='ocrx_word' id='word_1_256' title='bbox 756 2718 860 2767; x_wconf 85' lang='lat' dir='ltr'><strong>natura</strong></span> <span class='ocrx_word' id='word_1_257' title='bbox 883 2709 971 2769; x_wconf 93' lang='lat' dir='ltr'><strong>modo</strong></span> <span class='ocrx_word' id='word_1_258' title='bbox 993 2718 1084 2770; x_wconf 91' lang='lat' dir='ltr'><strong>tutus.</strong></span> <span class='ocrx_word' id='word_1_259' title='bbox 1129 2710 1258 2770; x_wconf 89' lang='lat' dir='ltr'><strong>triduum</strong></span> 
     </span>
     <span class='ocr_line' id='line_1_31' title="bbox 180 2793 1309 2874; baseline 0.002 -21"><span class='ocrx_word' id='word_1_260' title='bbox 180 2794 219 2853; x_wconf 92' lang='lat' dir='ltr'><strong>ihi</strong></span> <span class='ocrx_word' id='word_1_261' title='bbox 244 2802 374 2854; x_wconf 87' lang='lat' dir='ltr'><strong>moratus</strong></span> <span class='ocrx_word' id='word_1_262' title='bbox 389 2794 508 2854; x_wconf 89' lang='lat' dir='ltr'><strong>Poenus</strong></span> <span class='ocrx_word' id='word_1_263' title='bbox 530 2793 566 2854; x_wconf 91' lang='lat' dir='ltr'><strong>ab</strong></span> <span class='ocrx_word' id='word_1_264' title='bbox 591 2794 671 2853; x_wconf 90' lang='lat' dir='ltr'><strong>omui</strong></span> <span class='ocrx_word' id='word_1_265' title='bbox 694 2801 778 2873; x_wconf 90' lang='lat' dir='ltr'><strong>parte</strong></span> <span class='ocrx_word' id='word_1_266' title='bbox 801 2801 942 2872; x_wconf 91' lang='lat' dir='ltr'><strong>temptato</strong></span> <span class='ocrx_word' id='word_1_267' title='bbox 962 2794 1117 2874; x_wconf 84' lang='lat' dir='ltr'><strong>praesidio,</strong></span> <span class='ocrx_word' id='word_1_268' title='bbox 1141 2794 1259 2867; x_wconf 89' lang='lat' dir='ltr'><strong>deinde,</strong></span> <span class='ocrx_word' id='word_1_269' title='bbox 1280 2806 1309 2855; x_wconf 69' lang='lat' dir='ltr'><strong>a)</strong></span> 
     </span>
     <span class='ocr_line' id='line_1_32' title="bbox 180 2877 1258 2959; baseline 0.003 -21"><span class='ocrx_word' id='word_1_270' title='bbox 180 2888 213 2939; x_wconf 89' lang='lat' dir='ltr'><strong>ut</strong></span> <span class='ocrx_word' id='word_1_271' title='bbox 229 2878 303 2939; x_wconf 89' lang='lat' dir='ltr'><strong>nihil</strong></span> <span class='ocrx_word' id='word_1_272' title='bbox 320 2877 508 2958; x_wconf 89' lang='lat' dir='ltr'><strong>procedebat,</strong></span> <span class='ocrx_word' id='word_1_273' title='bbox 531 2880 566 2939; x_wconf 93' lang='lat' dir='ltr'><strong>ad</strong></span> <span class='ocrx_word' id='word_1_274' title='bbox 583 2878 786 2957; x_wconf 90' lang='lat' dir='ltr'><strong>populandum</strong></span> <span class='ocrx_word' id='word_1_275' title='bbox 805 2896 908 2957; x_wconf 80' lang='lat' dir='ltr'><strong>agrum</strong></span> <span class='ocrx_word' id='word_1_276' title='bbox 925 2878 1151 2959; x_wconf 86' lang='lat' dir='ltr'><strong>Neapolitanum</strong></span> <span class='ocrx_word' id='word_1_277' title='bbox 1166 2881 1258 2959; x_wconf 79' lang='lat' dir='ltr'><strong>magis</strong></span> 
     </span>
    </p>

    <p class='ocr_par' dir='ltr' id='par_1_12' title="bbox 142 2962 1307 3297">
     <span class='ocr_line' id='line_1_33' title="bbox 142 2962 1257 3043; baseline 0.001 -21"><span class='ocrx_word' id='word_1_278' title='bbox 142 2970 157 3021; x_wconf 83' lang='lat'><strong>8</strong></span> <span class='ocrx_word' id='word_1_279' title='bbox 179 2963 222 3023; x_wconf 92' lang='lat' dir='ltr'><strong>ira</strong></span> <span class='ocrx_word' id='word_1_280' title='bbox 246 2981 332 3041; x_wconf 90' lang='lat' dir='ltr'><strong>quam</strong></span> <span class='ocrx_word' id='word_1_281' title='bbox 355 2964 516 3042; x_wconf 90' lang='lat' dir='ltr'><strong>potiundae</strong></span> <span class='ocrx_word' id='word_1_282' title='bbox 537 2962 620 3023; x_wconf 90' lang='lat' dir='ltr'><strong>urbis</strong></span> <span class='ocrx_word' id='word_1_283' title='bbox 641 2982 695 3041; x_wconf 88' lang='lat' dir='ltr'><strong>spo</strong></span> <span class='ocrx_word' id='word_1_284' title='bbox 709 2964 864 3042; x_wconf 90' lang='lat' dir='ltr'><strong>processit.</strong></span> <span class='ocrx_word' id='word_1_285' title='bbox 902 2963 1033 3025; x_wconf 90' lang='lat' dir='ltr'><strong>aduentu</strong></span> <span class='ocrx_word' id='word_1_286' title='bbox 1056 2965 1119 3025; x_wconf 89' lang='lat' dir='ltr'><strong>eius</strong></span> <span class='ocrx_word' id='word_1_287' title='bbox 1140 2964 1172 3024; x_wconf 92' lang='lat' dir='ltr'><strong>iu</strong></span> <span class='ocrx_word' id='word_1_288' title='bbox 1187 2983 1257 3043; x_wconf 91' lang='lat' dir='ltr'><strong>pro-</strong></span> 
     </span>
     <span class='ocr_line' id='line_1_34' title="bbox 179 3047 1257 3127; baseline 0.001 -19"><span class='ocrx_word' id='word_1_289' title='bbox 179 3047 302 3127; x_wconf 90' lang='lat' dir='ltr'><strong>pincum</strong></span> <span class='ocrx_word' id='word_1_290' title='bbox 324 3066 426 3127; x_wconf 85' lang='lat' dir='ltr'><strong>agrum</strong></span> <span class='ocrx_word' id='word_1_291' title='bbox 450 3057 528 3108; x_wconf 91' lang='lat' dir='ltr'><strong>mota</strong></span> <span class='ocrx_word' id='word_1_292' title='bbox 551 3048 663 3109; x_wconf 89' lang='lat' dir='ltr'><strong>Nolana</strong></span> <span class='ocrx_word' id='word_1_293' title='bbox 688 3057 733 3109; x_wconf 87' lang='lat' dir='ltr'><strong>est</strong></span> <span class='ocrx_word' id='word_1_294' title='bbox 754 3047 848 3127; x_wconf 87' lang='lat' dir='ltr'><strong>plebs,</strong></span> <span class='ocrx_word' id='word_1_295' title='bbox 871 3048 927 3108; x_wconf 89' lang='lat' dir='ltr'><strong>iam</strong></span> <span class='ocrx_word' id='word_1_296' title='bbox 951 3048 1001 3109; x_wconf 93' lang='lat' dir='ltr'><strong>diu</strong></span> <span class='ocrx_word' id='word_1_297' title='bbox 1020 3068 1124 3110; x_wconf 87' lang='lat' dir='ltr'><strong>auersa</strong></span> <span class='ocrx_word' id='word_1_298' title='bbox 1145 3049 1181 3109; x_wconf 93' lang='lat' dir='ltr'><strong>ab</strong></span> <span class='ocrx_word' id='word_1_299' title='bbox 1198 3049 1257 3110; x_wconf 82' lang='lat' dir='ltr'><strong>llo·</strong></span> 
     </span>
     <span class='ocr_line' id='line_1_35' title="bbox 180 3132 1256 3213; baseline 0.003 -21"><span class='ocrx_word' id='word_1_300' title='bbox 180 3133 275 3195; x_wconf 89' lang='lat' dir='ltr'><strong>manis</strong></span> <span class='ocrx_word' id='word_1_301' title='bbox 304 3142 334 3193; x_wconf 89' lang='lat' dir='ltr'><strong>et</strong></span> <span class='ocrx_word' id='word_1_302' title='bbox 360 3133 467 3194; x_wconf 83' lang='lat' dir='ltr'><strong>infesta</strong></span> <span class='ocrx_word' id='word_1_303' title='bbox 494 3132 609 3194; x_wconf 88' lang='lat' dir='ltr'><strong>senatui</strong></span> <span class='ocrx_word' id='word_1_304' title='bbox 638 3151 702 3194; x_wconf 88' lang='lat' dir='ltr'><strong>suo.</strong></span> <span class='ocrx_word' id='word_1_305' title='bbox 746 3134 846 3211; x_wconf 89' lang='lat' dir='ltr'><strong>itaque</strong></span> <span class='ocrx_word' id='word_1_306' title='bbox 874 3133 961 3213; x_wconf 80' lang='lat' dir='ltr'><strong>legati</strong></span> <span class='ocrx_word' id='word_1_307' title='bbox 984 3134 1019 3193; x_wconf 91' lang='lat' dir='ltr'><strong>ad</strong></span> <span class='ocrx_word' id='word_1_308' title='bbox 1048 3135 1256 3195; x_wconf 86' lang='lat' dir='ltr'><strong>arcessendum</strong></span> 
     </span>
     <span class='ocr_line' id='line_1_36' title="bbox 179 3218 1307 3297; baseline 0.002 -19"><span class='ocrx_word' id='word_1_309' title='bbox 179 3218 376 3280; x_wconf 89' lang='lat' dir='ltr'><strong>llaunihalem</strong></span> <span class='ocrx_word' id='word_1_310' title='bbox 392 3236 460 3279; x_wconf 92' lang='lat' dir='ltr'><strong>cum</strong></span> <span class='ocrx_word' id='word_1_311' title='bbox 476 3219 546 3279; x_wconf 91' lang='lat' dir='ltr'><strong>haut</strong></span> <span class='ocrx_word' id='word_1_312' title='bbox 559 3218 648 3279; x_wconf 92' lang='lat' dir='ltr'><strong>dubio</strong></span> <span class='ocrx_word' id='word_1_313' title='bbox 664 3218 811 3297; x_wconf 90' lang='lat' dir='ltr'><strong>promisso</strong></span> <span class='ocrx_word' id='word_1_314' title='bbox 827 3219 985 3279; x_wconf 90' lang='lat' dir='ltr'><strong>tradendae</strong></span> <span class='ocrx_word' id='word_1_315' title='bbox 1002 3218 1084 3279; x_wconf 91' lang='lat' dir='ltr'><strong>urbis</strong></span> <span class='ocrx_word' id='word_1_316' title='bbox 1101 3229 1257 3280; x_wconf 75' lang='lat' dir='ltr'><strong>uenerunt„</strong></span> <span class='ocrx_word' id='word_1_317' title='bbox 1278 3230 1307 3280; x_wconf 77' lang='lat'><strong>³5</strong></span> 
     </span>
    </p>

    <p class='ocr_par' dir='ltr' id='par_1_13' title="bbox 142 3303 1255 3383">
     <span class='ocr_line' id='line_1_37' title="bbox 142 3303 1255 3383; baseline 0.002 -21"><span class='ocrx_word' id='word_1_318' title='bbox 142 3312 157 3362; x_wconf 84' lang='grc'>9</span> <span class='ocrx_word' id='word_1_319' title='bbox 178 3306 333 3383; x_wconf 89' lang='lat' dir='ltr'><strong>praeuenit</strong></span> <span class='ocrx_word' id='word_1_320' title='bbox 356 3304 508 3383; x_wconf 88' lang='lat' dir='ltr'><strong>inceptum</strong></span> <span class='ocrx_word' id='word_1_321' title='bbox 531 3322 634 3364; x_wconf 89' lang='lat' dir='ltr'><strong>eorum</strong></span> <span class='ocrx_word' id='word_1_322' title='bbox 651 3303 806 3365; x_wconf 89' lang='lat' dir='ltr'><strong>llaroellus</strong></span> <span class='ocrx_word' id='word_1_323' title='bbox 828 3303 934 3364; x_wconf 89' lang='lat' dir='ltr'><strong>consul</strong></span> <span class='ocrx_word' id='word_1_324' title='bbox 949 3322 965 3365; x_wconf 94' lang='lat' dir='ltr'><strong>a</strong></span> <span class='ocrx_word' id='word_1_325' title='bbox 980 3303 1162 3383; x_wconf 89' lang='lat' dir='ltr'><strong>primoribus</strong></span> <span class='ocrx_word' id='word_1_326' title='bbox 1179 3306 1255 3367; x_wconf 89' lang='lat' dir='ltr'><strong>aocl-</strong></span> 
     </span>
    </p>
   </div>
   <div class='ocr_carea' id='block_1_3' title="bbox 265 3486 1256 3621">
    <p class='ocr_par' dir='ltr' id='par_1_14' title="bbox 265 3486 1256 3621">
     <span class='ocr_line' id='line_1_38' title="bbox 265 3486 1256 3621; baseline -0.001 -80"><span class='ocrx_word' id='word_1_327' title='bbox 265 3492 276 3541; x_wconf 89' lang='lat' dir='ltr'><strong>t</strong></span> <span class='ocrx_word' id='word_1_328' title='bbox 299 3487 330 3538; x_wconf 87' lang='lat' dir='ltr'><strong>ad</strong></span> <span class='ocrx_word' id='word_1_329' title='bbox 348 3489 371 3539; x_wconf 86' lang='lat' dir='ltr'><strong>J.</strong></span> <span class='ocrx_word' id='word_1_330' title='bbox 388 3488 416 3539; x_wconf 87' lang='lat' dir='ltr'><strong>H.</strong></span> <span class='ocrx_word' id='word_1_331' title='bbox 431 3488 505 3553; x_wconf 75' lang='lat' dir='ltr'><strong>Voss,</strong></span> <span class='ocrx_word' id='word_1_332' title='bbox 524 3504 574 3540; x_wconf 89' lang='lat' dir='ltr'><strong>om.</strong></span> <span class='ocrx_word' id='word_1_333' title='bbox 594 3487 639 3555; x_wconf 76' lang='lat' dir='ltr'><strong>Pl</strong></span> <span class='ocrx_word' id='word_1_334' title='bbox 660 3490 675 3540; x_wconf 88' lang='grc'>2</span> <span class='ocrx_word' id='word_1_335' title='bbox 694 3505 719 3555; x_wconf 94' lang='lat' dir='ltr'><strong>p.</strong></span> <span class='ocrx_word' id='word_1_336' title='bbox 738 3492 758 3552; x_wconf 85' lang='grc' dir='ltr'><em>ς</em></span> <span class='ocrx_word' id='word_1_337' title='bbox 780 3486 907 3621; x_wconf 75' lang='lat' dir='ltr'><strong>publilius</strong></span> <span class='ocrx_word' id='word_1_338' title='bbox 925 3488 957 3539; x_wconf 77' lang='grc' dir='ltr'><strong>Ρι</strong></span> <span class='ocrx_word' id='word_1_339' title='bbox 984 3487 1113 3554; x_wconf 88' lang='lat' dir='ltr'><strong>publicius</strong></span> <span class='ocrx_word' id='word_1_340' title='bbox 1130 3487 1165 3539; x_wconf 74' lang='lat'><strong>1³²</strong></span> <span class='ocrx_word' id='word_1_341' title='bbox 1181 3487 1220 3554; x_wconf 78' lang='lat' dir='ltr'><strong>l³</strong></span> <span class='ocrx_word' id='word_1_342' title='bbox 1239 3496 1256 3540; x_wconf 90' lang='lat' dir='ltr'><strong>t.</strong></span> 
     </span>
    </p>
   </div>
   <div class='ocr_carea' id='block_1_4' title="bbox 179 3554 1257 3759">
    <p class='ocr_par' dir='ltr' id='par_1_15' title="bbox 179 3554 1257 3759">
     <span class='ocr_line' id='line_1_39' title="bbox 179 3554 1256 3623; baseline 0.003 -18"><span class='ocrx_word' id='word_1_343' title='bbox 179 3554 348 3607; x_wconf 75' lang='lat' dir='ltr'><strong>otacilius&#39;P&#39;</strong></span> <span class='ocrx_word' id='word_1_344' title='bbox 375 3560 392 3606; x_wconf 89' lang='lat' dir='ltr'><strong>t.</strong></span> <span class='ocrx_word' id='word_1_345' title='bbox 411 3557 510 3608; x_wconf 86' lang='lat' dir='ltr'><strong>otacius</strong></span> <span class='ocrx_word' id='word_1_346' title='bbox 529 3557 560 3607; x_wconf 79' lang='grc' dir='ltr'><strong>Ρι</strong></span> <span class='ocrx_word' id='word_1_347' title='bbox 589 3562 607 3607; x_wconf 94' lang='lat' dir='ltr'><strong>t.</strong></span> <span class='ocrx_word' id='word_1_348' title='bbox 627 3556 708 3607; x_wconf 86' lang='lat' dir='ltr'><strong>tacius</strong></span> <span class='ocrx_word' id='word_1_349' title='bbox 727 3555 762 3606; x_wconf 78' lang='lat'><strong>1²²</strong></span> <span class='ocrx_word' id='word_1_350' title='bbox 803 3556 986 3623; x_wconf 78' lang='lat' dir='ltr'><strong>8thrasymen</strong></span> <span class='ocrx_word' id='word_1_351' title='bbox 1003 3556 1036 3607; x_wconf 74' lang='lat'><strong>1²¹</strong></span> <span class='ocrx_word' id='word_1_352' title='bbox 1065 3556 1256 3623; x_wconf 83' lang='lat' dir='ltr'><strong>thrasymenum</strong></span> 
     </span>
     <span class='ocr_line' id='line_1_40' title="bbox 179 3621 1257 3740; baseline 0.002 -67"><span class='ocrx_word' id='word_1_353' title='bbox 179 3622 212 3673; x_wconf 79' lang='lat'><strong>1²¹</strong></span> <span class='ocrx_word' id='word_1_354' title='bbox 231 3621 241 3690; x_wconf 82' lang='lat' dir='ltr'><strong>l</strong></span> <span class='ocrx_word' id='word_1_355' title='bbox 260 3626 288 3675; x_wconf 88' lang='lat'><strong>11</strong></span> <span class='ocrx_word' id='word_1_356' title='bbox 303 3622 448 3740; x_wconf 83' lang='lat' dir='ltr'><strong>perculisse</strong></span> <span class='ocrx_word' id='word_1_357' title='bbox 467 3624 513 3692; x_wconf 79' lang='grc' dir='ltr'><strong>ΡΙΙ</strong></span> <span class='ocrx_word' id='word_1_358' title='bbox 532 3627 563 3677; x_wconf 86' lang='grc'><strong>16</strong></span> <span class='ocrx_word' id='word_1_359' title='bbox 576 3625 606 3704; x_wconf 33' lang='lat' dir='ltr'><strong>&#39;iu</strong></span> <span class='ocrx_word' id='word_1_360' title='bbox 631 3629 785 3691; x_wconf 85' lang='lat' dir='ltr'><strong>potestatem</strong></span> <span class='ocrx_word' id='word_1_361' title='bbox 809 3625 865 3676; x_wconf 88' lang='lat' dir='ltr'><strong>eiua</strong></span> <span class='ocrx_word' id='word_1_362' title='bbox 888 3624 1002 3706; x_wconf 83' lang='lat' dir='ltr'><strong>tradatur</strong></span> <span class='ocrx_word' id='word_1_363' title='bbox 1026 3624 1086 3677; x_wconf 83' lang='lat' dir='ltr'><strong>add.</strong></span> <span class='ocrx_word' id='word_1_364' title='bbox 1106 3624 1257 3690; x_wconf 69' lang='lat' dir='ltr'><strong>Waneeno,</strong></span> 
     </span>
     <span class='ocr_line' id='line_1_41' title="bbox 180 3689 1256 3759; baseline 0.004 -19"><span class='ocrx_word' id='word_1_365' title='bbox 180 3706 230 3740; x_wconf 85' lang='lat' dir='ltr'><strong>om.</strong></span> <span class='ocrx_word' id='word_1_366' title='bbox 248 3692 273 3741; x_wconf 84' lang='lat' dir='ltr'><em>P</em></span> <span class='ocrx_word' id='word_1_367' title='bbox 321 3689 528 3755; x_wconf 67' lang='lat' dir='ltr'><strong>edaturudd.;</strong></span> <span class='ocrx_word' id='word_1_368' title='bbox 560 3707 583 3743; x_wconf 88' lang='lat' dir='ltr'><strong>er</strong></span> <span class='ocrx_word' id='word_1_369' title='bbox 602 3691 716 3742; x_wconf 89' lang='lat' dir='ltr'><strong>tradatur</strong></span> <span class='ocrx_word' id='word_1_370' title='bbox 732 3692 820 3758; x_wconf 81' lang='lat' dir='ltr'><strong>suppl.</strong></span> <span class='ocrx_word' id='word_1_371' title='bbox 838 3691 949 3757; x_wconf 79' lang='lat' dir='ltr'><strong>Modoag</strong></span> <span class='ocrx_word' id='word_1_372' title='bbox 1003 3694 1035 3744; x_wconf 83' lang='lat'><strong>19</strong></span> <span class='ocrx_word' id='word_1_373' title='bbox 1053 3692 1084 3743; x_wconf 89' lang='lat' dir='ltr'><strong>ab</strong></span> <span class='ocrx_word' id='word_1_374' title='bbox 1104 3698 1194 3759; x_wconf 84' lang='lat' dir='ltr'><strong>coepta</strong></span> <span class='ocrx_word' id='word_1_375' title='bbox 1212 3694 1256 3758; x_wconf 81' lang='lat' dir='ltr'><strong>Pl</strong></span> 
     </span>
    </p>
   </div>
   <div class='ocr_carea' id='block_1_5' title="bbox 179 3758 1256 3895">
    <p class='ocr_par' dir='ltr' id='par_1_16' title="bbox 179 3758 1256 3895">
     <span class='ocr_line' id='line_1_42' title="bbox 180 3758 1256 3825; baseline 0.003 -15"><span class='ocrx_word' id='word_1_376' title='bbox 180 3760 212 3811; x_wconf 82' lang='lat'><strong>23</strong></span> <span class='ocrx_word' id='word_1_377' title='bbox 232 3760 392 3823; x_wconf 90' lang='lat' dir='ltr'><strong>opportunae</strong></span> <span class='ocrx_word' id='word_1_378' title='bbox 409 3760 433 3809; x_wconf 85' lang='lat' dir='ltr'><em>P</em></span> <span class='ocrx_word' id='word_1_379' title='bbox 447 3758 456 3825; x_wconf 85' lang='grc' dir='ltr'><strong>ΙΙ</strong></span> <span class='ocrx_word' id='word_1_380' title='bbox 474 3761 506 3810; x_wconf 81' lang='grc'><strong>21</strong></span> <span class='ocrx_word' id='word_1_381' title='bbox 526 3774 583 3811; x_wconf 86' lang='lat' dir='ltr'><strong>eum</strong></span> <span class='ocrx_word' id='word_1_382' title='bbox 602 3761 627 3810; x_wconf 85' lang='lat' dir='ltr'><strong>h.</strong></span> <span class='ocrx_word' id='word_1_383' title='bbox 640 3760 657 3811; x_wconf 84' lang='grc' dir='ltr'><strong>ἱ.</strong></span> <span class='ocrx_word' id='word_1_384' title='bbox 675 3759 736 3811; x_wconf 82' lang='lat' dir='ltr'><strong>odd.</strong></span> <span class='ocrx_word' id='word_1_385' title='bbox 755 3760 786 3812; x_wconf 87' lang='lat' dir='ltr'><strong>H.</strong></span> <span class='ocrx_word' id='word_1_386' title='bbox 799 3761 823 3811; x_wconf 83' lang='lat' dir='ltr'><strong>J.</strong></span> <span class='ocrx_word' id='word_1_387' title='bbox 836 3760 947 3811; x_wconf 79' lang='lat' dir='ltr'><strong>Mueller</strong></span> <span class='ocrx_word' id='word_1_388' title='bbox 964 3759 1004 3811; x_wconf 86' lang='lat' dir='ltr'><strong>ed.</strong></span> <span class='ocrx_word' id='word_1_389' title='bbox 1026 3759 1132 3822; x_wconf 74' lang='lat' dir='ltr'><strong>Tenba,</strong></span> <span class='ocrx_word' id='word_1_390' title='bbox 1155 3776 1206 3815; x_wconf 83' lang='lat' dir='ltr'><strong>om.</strong></span> <span class='ocrx_word' id='word_1_391' title='bbox 1223 3762 1256 3824; x_wconf 79' lang='grc' dir='ltr'><strong>Ρ,-</strong></span> 
     </span>
     <span class='ocr_line' id='line_1_43' title="bbox 179 3824 1228 3895; baseline 0.002 -18"><span class='ocrx_word' id='word_1_392' title='bbox 179 3830 242 3877; x_wconf 82' lang='lat' dir='ltr'><strong>onte</strong></span> <span class='ocrx_word' id='word_1_393' title='bbox 261 3824 420 3877; x_wconf 87' lang='lat' dir='ltr'><strong>brundisium</strong></span> <span class='ocrx_word' id='word_1_394' title='bbox 439 3826 499 3877; x_wconf 85' lang='lat' dir='ltr'><strong>odd.</strong></span> <span class='ocrx_word' id='word_1_395' title='bbox 519 3842 576 3878; x_wconf 91' lang='lat' dir='ltr'><strong>eum</strong></span> <span class='ocrx_word' id='word_1_396' title='bbox 595 3831 621 3891; x_wconf 85' lang='grc' dir='ltr'><strong>ς,</strong></span> <span class='ocrx_word' id='word_1_397' title='bbox 639 3828 761 3894; x_wconf 86' lang='lat' dir='ltr'><strong>quoniam</strong></span> <span class='ocrx_word' id='word_1_398' title='bbox 780 3828 891 3894; x_wconf 76' lang='lat' dir='ltr'><strong>Madvig</strong></span> <span class='ocrx_word' id='word_1_399' title='bbox 904 3826 914 3895; x_wconf 77' lang='lat' dir='ltr'><strong>l</strong></span> <span class='ocrx_word' id='word_1_400' title='bbox 926 3829 959 3881; x_wconf 80' lang='grc'><strong>32</strong></span> <span class='ocrx_word' id='word_1_401' title='bbox 978 3827 1047 3879; x_wconf 84' lang='lat' dir='ltr'><strong>urbia</strong></span> <span class='ocrx_word' id='word_1_402' title='bbox 1065 3844 1100 3879; x_wconf 71' lang='lat' dir='ltr'><strong>ea</strong></span> <span class='ocrx_word' id='word_1_403' title='bbox 1117 3828 1178 3881; x_wconf 86' lang='lat' dir='ltr'><strong>urbs</strong></span> <span class='ocrx_word' id='word_1_404' title='bbox 1196 3830 1228 3879; x_wconf 73' lang='grc' dir='ltr'><strong>Ρι</strong></span> 
     </span>
    </p>
   </div>
   <div class='ocr_carea' id='block_1_6' title="bbox 0 0 1372 4250">
    <p class='ocr_par' dir='ltr' id='par_1_17' title="bbox 0 0 1372 4250">
     <span class='ocr_line' id='line_1_44' title="bbox 0 0 1372 4250; baseline 0 2"><span class='ocrx_word' id='word_1_405' title='bbox 0 0 1372 4250; x_wconf 95' lang='lat' dir='ltr'><strong> </strong></span> 
     </span>
    </p>
   </div>
  </div>
 </body>
</html>
