2734 4250
210 160 253 219 94
597 158 692 211 urano
709 158 784 226 xxc,
802 163 842 213 aa.
856 161 888 212 ao
1154 178 1285 220 ..1151

75 356 77 358 ¹
169 344 186 395 9
208 332 331 394 extremi
354 332 467 411 ingenii
488 348 562 393 esse.
605 331 692 393 nobis
715 332 854 410 quoniam
878 332 973 411 prima
995 332 1085 394 animi
1113 332 1286 411 ingeniique

129 446 135 455 -
209 426 315 497 negata
337 436 403 478 sors
426 424 478 489 est,
500 418 662 478 secundam
677 434 712 477 ac
726 417 850 479 mediam
870 426 1023 479 teneamus
1045 427 1083 491 et,
1106 417 1177 478 dum
1193 418 1286 496 impe·
1361 464 1362 477 ι

158 515 186 563 10
207 520 273 564 rare
296 502 445 575 discimus,
470 518 577 580 parere
598 502 739 581 prudenti
761 501 792 561 in
815 502 948 563 animum
970 502 1155 563 inducamus.
1193 513 1287 563 castra
1361 490 1362 573 1

208 606 277 649 cum
299 586 391 648 Fabio
413 587 583 663 iungamus;
605 586 642 647 ad
656 587 838 667 praetorium
855 588 917 648 eius
932 587 1017 665 signe
1031 605 1100 647 eum
1120 587 1285 658 tulerimus,

207 673 260 733 ubi
282 690 337 751 ego
360 690 429 733 eum
450 679 603 750 parentem
626 670 832 751 appellauero,
861 672 942 750 quod
965 672 1109 733 beneficio
1134 673 1198 734 eius
1219 689 1287 749 erga
1308 682 1323 731 5

157 767 185 818 11
208 776 264 819 nos
285 775 319 817 ac
341 757 491 818 maiestate
513 756 577 817 eius
598 756 721 836 dignum
744 764 804 829 est,
832 775 900 832 uos,
924 756 1044 829 milites,
1067 775 1134 831 eos,
1158 776 1285 837 quorum

208 861 264 903 uos
285 842 374 902 modo
396 859 477 901 arma
498 858 533 901 ac
554 840 692 902 dexterae
713 849 866 915 texerunt,
889 850 1031 920 patronos
1052 841 1225 914 salutabitis,
1249 852 1286 911 et,

208 927 233 987 si
256 926 330 986 nihil
351 925 439 999 aliud,
461 934 613 1003 gratorum
627 934 709 987 certe
731 926 819 987 nobis
834 926 1000 987 animorum
1016 926 1140 1006 gloriam
1161 928 1225 989 dies
1240 928 1287 989 bic

156 1018 195 1074 80
210 1001 340 1072 dederit?
370 1011 455 1090 signo
472 1010 539 1071 dato
556 1012 758 1072 conclamatur
772 1011 851 1083 inde,
870 1019 904 1071 ut
918 1011 1095 1090 colligantur
1109 1029 1189 1073 uasa.
1217 1032 1285 1092 pro⁴

208 1096 278 1157 lecti
300 1104 330 1155 et
347 1095 464 1173 agmine
485 1096 659 1157 incedentes
673 1097 709 1156 ad
726 1095 877 1157 dictatoris
899 1105 994 1157 castra
1016 1096 1047 1157 in
1064 1096 1286 1159 admirationem
1310 1108 1337 1157 to

171 1192 186 1241 2
207 1191 237 1243 et
258 1181 357 1261 ipsum
379 1189 409 1241 et
430 1198 543 1254 omnes,
566 1180 617 1259 qui
640 1181 717 1241 circa
738 1190 833 1256 erant,
855 1190 1080 1242 conuerterunt.
1118 1190 1153 1241 ut
1173 1183 1286 1244 consti·

207 1275 270 1328 tuta
291 1274 363 1327 sunt
383 1274 452 1326 ante
474 1264 606 1327 tribunal
627 1266 727 1345 signa,
756 1284 932 1345 progressus
958 1273 1028 1327 ante
1054 1265 1127 1328 alios
1148 1267 1288 1347 magister

208 1352 350 1431 equitum,
373 1369 442 1411 cum
463 1359 578 1429 patrem
597 1349 721 1412 Fabium
740 1351 917 1430 appellasset
938 1352 1195 1430 circumfusosque
1210 1352 1286 1413 mili·
1361 1418 1362 1423 η

170 1448 185 1497 a
206 1447 270 1498 tum
282 1437 346 1497 eius
356 1444 451 1497 totum
463 1453 568 1514 agmen
583 1445 725 1514 patronos
738 1436 960 1509 consalutasset,
974 1428 1174 1497 ‘Parentibus'
1190 1437 1288 1516 inquit
1361 1431 1362 1517 1

203 1518 307 1595 ‘meis,
330 1522 470 1594 dictator,
493 1519 601 1599 quibus
623 1529 652 1581 te
675 1520 763 1581 modo
787 1521 918 1594 nomine,
941 1519 1020 1599 quod
1043 1521 1132 1581 lando
1155 1540 1287 1601 possum,
1312 1532 1337 1581 15

207 1606 348 1685 aequaui,
376 1606 467 1666 uitam
495 1613 609 1666 tantum
639 1604 750 1677 debeo,
780 1605 832 1667 tibi
860 1624 929 1666 eum
959 1624 1053 1667 meam
1075 1606 1200 1667 salutem
1222 1616 1286 1668 tum

170 1690 340 1753 comdium
371 1690 487 1749 horum.
531 1690 630 1769 itaque
658 1689 756 1769 plebei
785 1691 904 1762 scitum,
936 1709 995 1769 quo
1025 1699 1166 1752 oneratus
1193 1692 1286 1771 magis

207 1793 296 1854 quam
318 1774 482 1835 honoratus
503 1792 579 1849 sum,
599 1774 714 1854 primus
735 1775 858 1854 antiquo
881 1775 1052 1854 abrogoque
1074 1784 1113 1849 et,
1137 1777 1217 1855 quod
1231 1776 1286 1837 tibi

206 1859 339 1937 mihique
367 1858 606 1937 exercitibusque
627 1860 673 1921 his
691 1860 772 1933 tuis,
801 1869 920 1922 seruato
941 1878 976 1921 ac
998 1861 1221 1935 conseruatori,
1249 1864 1287 1923 sit

206 1944 291 2016 felix,
318 1944 375 2005 sub
405 1944 563 2023 imperium
585 1945 810 2025 auspiciumque
837 1954 921 2006 tuum
943 1946 1032 2006 redeo
1055 1953 1085 2006 et
1106 1945 1190 2025 signa
1212 1946 1287 2009 haec
1309 1956 1337 2006 21

169 2041 184 2091 o
204 2029 397 2108 legionesque
412 2029 544 2089 restituo.
578 2037 621 2103 tu,
637 2048 757 2108 quaeso,
774 2029 905 2109 placatus
920 2048 967 2090 me
983 2030 1184 2134 magisterium
1200 2033 1286 2111 equi-

168 2128 183 2177 6
205 2125 284 2188 tum,
313 2114 367 2176 hos
389 2113 510 2175 ordines
530 2132 602 2176 suos
623 2133 772 2194 quemque
795 2125 897 2177 tenere
918 2114 1030 2177 iubeas.
1077 2125 1141 2178 tum
1164 2116 1287 2179 dextrae

204 2201 399 2261 interiunctae
429 2199 596 2278 militesque
623 2201 764 2261 contione
793 2201 910 2262 dimissa
941 2200 976 2262 ab
1006 2201 1085 2262 notis
1112 2201 1285 2282 ignotisque

206 2284 335 2363 benigne
358 2293 446 2364 atque
469 2283 652 2364 hospitaliter
673 2285 799 2356 inuitati,
820 2286 974 2364 laetusque
989 2286 1052 2348 dies
1073 2304 1109 2346 ex
1124 2286 1285 2349 admodum

167 2382 182 2430 t
203 2370 279 2432 tristi
301 2370 389 2449 paulo
418 2378 487 2430 ante
509 2387 543 2429 ac
565 2387 660 2450 prope
690 2370 861 2431 exsecrabili
883 2371 988 2432 lactus.
1025 2371 1152 2444 Romae,
1183 2381 1217 2434 ut
1239 2381 1285 2434 est
1307 2381 1335 2430 aa

205 2455 317 2535 perlata
338 2456 414 2515 lama
436 2454 480 2515 rei
502 2462 615 2532 gestae,
646 2455 714 2515 dein
738 2455 843 2516 litteris
870 2473 931 2516 non
955 2455 1047 2535 magis
1068 2456 1204 2534 ipsorum
1226 2457 1283 2518 im-

204 2547 375 2619 peratorum
397 2557 486 2616 quam
508 2539 596 2618 uolgo
618 2539 745 2600 militum
768 2559 803 2601 ex
819 2549 946 2619 utroque
965 2540 1097 2602 exercitu
1120 2541 1282 2614 adfirmata,

166 2634 182 2685 8
203 2642 258 2703 pro
273 2642 306 2685 se
322 2625 446 2702 quisque
462 2623 620 2684 blaximum
642 2623 778 2686 laudibus
796 2625 830 2685 ad
853 2625 968 2686 caelum
983 2627 1071 2686 serre.
1107 2626 1172 2704 pari
1187 2627 1282 2705 gloria

205 2708 283 2787 apud
298 2707 493 2768 llannibalem
509 2708 660 2786 hostisque
676 2709 792 2772 Poenos
808 2719 885 2785 erat;
908 2719 1019 2771 actum
1035 2709 1154 2772 demum
1168 2713 1283 2773 sentire
1361 2740 1362 2790 ς

166 2804 270 2854 ecum
294 2792 436 2852 Romanis
462 2801 550 2871 atque
572 2793 602 2853 in
625 2793 707 2854 ltalia
730 2795 838 2856 bellurn
865 2813 945 2872 esse;
975 2813 1044 2856 nam
1066 2794 1189 2858 biennio
1211 2805 1283 2858 ante
1304 2805 1333 2852 ao
1361 2823 1362 2868 r

203 2874 276 2937 adeo
292 2884 322 2937 et
336 2875 426 2938 duces
439 2877 590 2939 Romanos
604 2886 635 2938 et
649 2878 757 2942 milites
771 2889 957 2959 spreuerant,
980 2890 1014 2943 ut
1027 2881 1077 2942 uix
1092 2899 1161 2942 cum
1177 2881 1282 2944 eadem
1361 2924 1362 2948 1

204 3012 407 3021 ——-——

289 3079 304 3129 2
322 3083 429 3142 negatas
441 3079 481 3142 P¹,
499 3093 569 3130 eoa-r.
582 3078 667 3144 P²ll
685 3081 758 3146 signa
777 3080 960 3133 contulerimus
975 3079 1047 3149 Ρ16
1065 3080 1120 3134 eins
1137 3084 1209 3148 (port
1227 3099 1281 3137 rna·

204 3145 305 3209 iestate)
328 3145 378 3197 dal.
402 3148 470 3197 coni.
491 3145 572 3198 droa.
591 3147 601 3213 1
620 3150 634 3198 ’1
653 3161 684 3198 ac
707 3147 827 3200 dexterae
844 3148 955 3214 Madvig
981 3148 1153 3216 dexteraeque
1171 3155 1192 3215 ς
1218 3151 1282 3204 dex·
1361 3205 1362 3208 ,

205 3219 273 3266 terae
290 3213 333 3280 Pl
345 3213 490 3265 salutabitis
507 3214 595 3279 Ρ110
614 3214 645 3265 ad
663 3218 690 3279 ς,
709 3231 760 3269 om.
775 3217 800 3267 P
822 3231 868 3284 per
884 3217 996 3282 Madvig
1009 3217 1019 3286 1
1031 3216 1152 3270 dicatoris
1169 3234 1226 3270 aaa.
1245 3237 1282 3272 err
1361 3241 1362 3244 ¹

201 3281 354 3333 dicaeatoris
375 3282 422 3332 uel
443 3280 601 3333 dietieatoris
619 3282 666 3347 Ρ1
687 3285 718 3336 12
735 3290 796 3336 sunt
814 3289 900 3336 tentae
918 3286 966 3351 Pl
987 3287 1019 3338 14
1037 3285 1214 3338 consalutare
1233 3288 1258 3338 P

205 3353 233 3401 15
250 3349 348 3414 meis&
373 3349 681 3417 metiiquqnodall.
696 3351 762 3403 Voss
788 3351 941 3418 quoPlllh
959 3353 1111 3420 uitaPlll'l
1124 3353 1263 3418 plebeisP
1361 3353 1362 3358 ’

203 3418 234 3468 18
253 3417 393 3469 honoratus
410 3422 432 3479 ς
458 3425 579 3469 oneratus
596 3418 639 3485 Ρ1
650 3431 706 3470 sum
725 3421 750 3473 Ιι,
769 3420 786 3475 l,
804 3420 866 3472 odd.
885 3424 912 3486 ς,
933 3425 997 3472 onte
1014 3421 1096 3486 magis
1114 3422 1213 3472 molant
1231 3424 1282 3474 ad-

202 3483 264 3534 dere
284 3483 436 3549 ausimo,
458 3500 509 3537 oar.
527 3485 578 3551 Pl
598 3488 630 3539 19
652 3487 768 3554 inibique
790 3488 997 3554 exercitibusque
1015 3493 1035 3554 ς
1068 3489 1182 3556 mihique
1206 3491 1280 3557 quod

201 3551 353 3618 exercitusq.
372 3553 396 3604 P
418 3551 532 3619 mihique
548 3553 618 3620 quod
641 3555 797 3607 exercitibus
813 3555 921 3621 Frigell
942 3562 969 3607 et
986 3557 1167 3608 Luterbacher
1185 3557 1195 3623 1
1216 3573 1280 3610 corr-

201 3617 340 3670 seruatoris
357 3617 404 3684 Pl
422 3621 452 3672 21
472 3619 634 3687 legionisque
651 3623 675 3673 P
690 3622 699 3688 1
717 3637 784 3688 mag.
809 3623 923 3690 equitum
948 3624 995 3676 hos
1019 3623 1150 3677 ordinibus
1175 3625 1232 3678 anis
1250 3627 1281 3694 P,

201 3700 271 3736 corr.
286 3683 366 3735 Gron.
379 3685 389 3752 1
403 3688 436 3737 23
453 3686 603 3740 condicione
614 3686 656 3754 ΡΙ
671 3691 704 3741 21
722 3690 847 3755 benignae
865 3691 895 3742 ad
917 3691 1107 3760 ‚hospitioliter
1118 3691 1161 3759 Pll
1174 3695 1207 3746 28
1240 3697 1278 3745 ari

202 3751 373 3803 Pnudlroorlse'
399 3767 445 3818 par
461 3753 623 3819 Pllgloriam
641 3757 682 3820 1³¹,
700 3707 914 3828 1221111292
1215 3709 1280 3830 δή)

200 3818 296 3871 sentire
312 3816 464 3886 Riemannll
478 3823 510 3873 30
529 3821 600 3873 italia
618 3839 653 3872 ex
669 3824 730 3876 itala
748 3825 781 3876 Pl
919 3758 954 3827 n)
972 3767 1067 3813 mure
1083 3761 1189 3812 Horam
