2734 4250
77 135 98 167 ι.
111 124 159 170 cm.
172 126 211 169 att
464 108 559 162 usura
576 108 664 175 xxvi,
683 113 708 164 9.
729 114 760 164 to
1110 110 1149 168 11

76 302 143 346 cnm
157 282 332 347 consulibus
345 284 502 364 imperium
519 292 605 345 esset.
638 281 789 345 Hannibal
803 284 939 347 infestius
954 285 1151 365 perpopulato
1174 293 1203 346 tt

75 386 145 449 agro
156 368 332 449 Fregellano
341 378 467 451 propter
478 368 635 431 intercisos
645 369 758 448 pontis,
773 387 828 449 per
839 368 1025 432 Frusinatem
1038 370 1150 433 Feren-

75 455 255 533 tinatemque
283 463 312 516 et
334 455 524 534 Anagninum
549 471 653 531 agrum
680 454 712 515 in
735 454 917 517 Labicanum
945 456 1038 518 uenit.
1082 456 1152 518 inde
1175 466 1203 519 12

75 538 178 619 Algido
193 538 355 611 Tusculum
377 538 472 620 petiit,
494 557 551 601 nec
567 547 706 618 receptus
721 541 879 602 moenibus
895 541 973 602 inira
988 540 1151 604 Tusculum

40 636 56 685 a
75 626 245 687 dextrorsus
255 624 364 687 Gabios
378 624 541 687 descendit
574 624 645 685 inde
659 625 690 686 in
704 624 860 706 Pupiniam
877 627 1006 688 exercitu
1023 626 1150 691 demisso

75 719 141 772 octo
162 709 244 772 milia
265 727 406 791 passuum
421 710 459 771 ab
475 710 569 771 Roma
586 710 687 789 posuit
701 720 807 773 castra.
844 729 904 790 quo
920 712 1044 793 propius
1058 713 1152 775 hostis
1174 722 1202 773 ts

74 794 245 865 accedebat.
274 814 310 857 eo
332 796 427 858 maior
448 794 554 857 caedes
580 796 669 857 tiebat
698 795 875 875 fugientium
903 798 1151 876 praecedentibus

73 880 386 961 Numidis‚pluresque
397 882 531 944 omnium
542 898 688 959 generum
696 891 785 959 atque
795 882 934 943 aetatium
945 883 1150 962 capiebantur.

156 966 192 1028 ln
215 967 273 1028 boc
296 966 425 1028 tumultu
441 966 566 1028 Fuluius
581 964 704 1027 Flaccus
726 976 813 1047 porta
835 966 954 1047 Capena
975 986 1043 1029 cnm
1066 988 1203 1047 exer-10

30 1059 55 1111 tu
73 1052 132 1113 citu
153 1051 279 1113 Romam
301 1052 454 1131 ingressus
476 1050 571 1113 medin
594 1050 669 1113 urbe
691 1070 745 1130 per
764 1052 885 1115 Carinas
907 1051 1054 1133 Esquilias
1076 1072 1149 1116 con·

73 1136 182 1212 teodit3
213 1136 283 1199 inde
311 1155 449 1216 egressus
478 1137 558 1198 inter
585 1134 772 1217 Esquilinam
802 1136 1005 1218 Collinamque
1034 1150 1150 1219 portam

72 1222 171 1301 posuit
185 1230 291 1285 castra.
323 1222 434 1285 aediles
447 1221 542 1302 plebis
557 1231 755 1283 commeatum
771 1241 807 1283 eo
823 1231 1057 1302 conportarunt;
1077 1242 1152 1287 con·
1174 1235 1188 1286 2

72 1307 149 1370 sules
170 1316 353 1387 senatusque
374 1308 406 1370 in
429 1318 525 1369 castra
547 1315 708 1369 uenerunt.
745 1306 786 1370 ibi
804 1308 840 1369 de
855 1326 971 1370 summa
985 1327 1018 1372 re
1032 1309 1151 1389 publica

72 1393 282 1455 consultatum.
330 1393 443 1473 placuit
464 1393 603 1455 consules
628 1392 707 1453 circa
729 1403 832 1473 portas
855 1393 998 1455 Collinam
1021 1394 1151 1475 Esquili-

30 1486 55 1539 u
73 1496 201 1559 namque
216 1497 329 1559 ponere
345 1487 448 1551 castra,
465 1477 496 1539 C.
509 1477 705 1558 Calpurnium
716 1489 883 1559 praetorem
900 1478 1050 1541 urbanum
1065 1480 1151 1561 Capi·

72 1564 141 1626 tolio
162 1572 255 1643 atque
277 1563 338 1625 arci
359 1582 507 1644 praeesse,
529 1572 560 1624 et
573 1573 711 1625 senatum
733 1564 922 1643 frequentem
945 1565 977 1627 in
992 1566 1059 1627 loro
1075 1584 1149 1628 con·

71 1648 167 1721 lineri,
191 1649 217 1711 si
241 1648 311 1727 quid
334 1648 366 1710 in
389 1657 449 1710 tam
471 1647 577 1711 subitis
599 1647 690 1711 rebus
711 1649 848 1711 consulto
871 1668 948 1730 opus
971 1660 1057 1713 esset.

153 1734 239 1797 luter
249 1734 323 1797 baec
335 1733 484 1795 llannibal
494 1734 530 1795 ad
542 1733 688 1797 Anienem
704 1734 828 1797 fluuium
845 1735 900 1796 tria
914 1734 995 1797 milia
1009 1754 1150 1816 passuum
1172 1748 1188 1799 3

71 1816 106 1878 ab
127 1819 207 1881 urbe
229 1828 324 1881 castra
345 1819 485 1881 admouit
525 1818 566 1881 ibi
591 1819 708 1882 statiuis
728 1818 832 1900 positis
854 1820 918 1901 ipse
941 1838 1010 1882 cum
1032 1821 1150 1885 duobus

29 1910 52 1962 2)
70 1904 188 1967 milibus
205 1905 339 1985 equitum
353 1904 389 1965 ad
405 1913 521 1984 portam
536 1903 680 1966 Collinam
695 1924 790 1986 usque
805 1905 840 1967 ad
855 1904 990 1968 Herculis
1006 1908 1149 1989 templum

70 2000 112 2052 est
131 2008 312 2071 progressus
332 1999 431 2070 atque,
453 1990 534 2051 unde
550 2008 696 2070 proxume
712 2000 837 2070 poterat,
860 1992 977 2052 moenia
999 1992 1148 2074 situmque

70 2074 150 2138 urbis
173 2074 355 2156 obequitans
376 2074 645 2156 contemplabatur.
689 2075 717 2138 id
741 2094 809 2139 eum
831 2085 890 2138 tam
913 2076 1038 2139 licenter
1060 2086 1186 2160 atquel

71 2163 162 2226 otiose
176 2163 277 2224 lacere
292 2161 399 2224 Flacco
414 2162 571 2242 indignum
585 2161 683 2223 uisum
699 2171 758 2239 est;
780 2163 880 2240 itaque
899 2162 1019 2225 immisit
1035 2165 1149 2244 equites

71 2247 315 2327 summouerique
336 2258 425 2326 atque
447 2245 478 2309 in
501 2257 597 2308 castra
611 2246 704 2325 redigi
724 2247 852 2310 bostium
869 2247 1033 2327 equitatum
1055 2249 1149 2312 iussit

28 2341 54 2392 ts
71 2351 136 2395 curo
147 2333 342 2396 commissum
354 2331 502 2414 proelium
513 2341 601 2406 esset,
616 2332 756 2395 consules
771 2333 938 2408 transfugas
948 2331 1151 2409 Numidarum,
1172 2345 1187 2394 5

71 2419 119 2497 qui
140 2429 205 2482 tum
232 2418 265 2479 in
288 2418 438 2480 Auentino
461 2419 497 2478 ad
520 2416 600 2478 mille
622 2427 653 2478 et
680 2418 802 2480 ducenti
827 2425 927 2491 erant,
956 2419 1052 2479 media
1074 2418 1150 2481 urbe

71 2505 198 2567 uansim
209 2502 359 2582 Esquilias
371 2504 534 2576 iusserunt,
546 2501 644 2564 nubes
656 2503 785 2582 aptiores
801 2503 881 2564 inter
891 2502 1044 2566 conualles
1059 2513 1150 2566 tecta-
1171 2513 1187 2564 6

71 2608 126 2667 que
148 2591 308 2652 bortorum
332 2596 363 2650 et
376 2588 515 2668 sepulcra
530 2596 561 2648 et
574 2605 663 2650 cauas
676 2587 810 2668 undique
827 2587 890 2650 uias
903 2587 938 2648 ad
953 2589 1150 2668 pugnandum

72 2675 185 2737 tuturos
207 2673 276 2736 rati.
312 2692 389 2754 qnos
410 2691 479 2735 cum
501 2692 537 2734 ex
558 2691 628 2734 arce
641 2672 847 2753 Capitolioque
866 2673 944 2735 cliuo
960 2673 1094 2736 Publicio
1118 2675 1148 2736 in

30 2761 152 2840 aequis
173 2759 365 2822 decurrentis
392 2758 513 2839 quidam
542 2757 700 2833 uidissent,
728 2769 847 2839 captum
870 2757 1053 2820 tuenunum
1075 2779 1150 2822 con·

73 2844 285 2909 clamanerunt
323 2862 358 2906 ea
372 2862 421 2906 res
442 2851 559 2906 tantum
580 2843 740 2905 tumultum
760 2863 794 2905 ac
816 2845 915 2924 lqgam
938 2831 1084 2924 praebuit',
1107 2855 1150 2920 ut,
1172 2858 1188 2906 τ

73 2931 126 2992 nbi
154 2939 256 2994 castra
277 2929 390 2991 Punica
418 2939 501 2992 extra
529 2927 636 2990 urbem
664 2929 805 3004 inissent,
834 2929 962 2992 ellusnra
991 2949 1024 2993 se
1052 2932 1151 2994 omnis

73 3016 174 3093 pauida
198 3014 358 3078 multitudo
382 3015 487 3076 luerit:
511 3023 583 3076 tunc
605 3013 635 3074 in
652 3013 757 3076 domos
772 3025 862 3093 atque
881 3015 911 3076 in
929 3022 1006 3076 tecta
1020 3017 1150 3097 refugie-

73 3099 142 3162 bant
161 3118 318 3181 uagosque
339 3100 371 3162 in
393 3099 451 3162 uiis
472 3118 544 3162 suos
557 3118 613 3179 pro
628 3099 764 3162 hostibus
785 3098 932 3179 lapidibus
954 3100 1080 3180 telisque
1102 3103 1150 3162 in·

33 3185 236 3248 ucesebana
287 3203 344 3247 uec
374 3185 531 3265 comprimi
559 3184 704 3246 tumultus
730 3184 898 3264 aperirique
927 3203 1014 3246 error
1035 3194 1187 3264 poterats

73 3303 277 3316 -—-—-

141 3389 158 3441 3
176 3387 334 3454 anagninum
352 3385 388 3438 Ρ*
414 3387 537 3453 agninum
554 3386 586 3438 1²¹
598 3384 638 3454 16
655 3385 736 3438 millia
756 3385 798 3452 Pl
811 3386 929 3454 proprius
947 3385 988 3451 ΡΙΙ
1004 3389 1037 3466 15Ι
1054 3401 1149 3453 ponere

76 3457 94 3518 ς
100 3461 233 3534 ,ροηεῐουῑ
251 3455 295 3523 ΡΙ
306 3458 339 3510 16
358 3469 477 3520 preessae
495 3454 538 3524 ΡΙ
552 3458 581 3508 ll
601 3456 658 3522 quit
674 3455 701 3534 ip
720 3459 746 3506 ta
764 3455 855 3506 subitis
873 3456 915 3516 ΡΙ
931 3455 961 3508 18
979 3453 1084 3534 annibal
1102 3455 1150 3524 ΡΙ

75 3524 149 3577 millia
167 3523 209 3591 ΡΙ
223 3525 258 3576 bu
276 3523 390 3575 millibus
408 3523 449 3588 ΡΙ
463 3521 495 3574 ad
512 3529 612 3590 portam
631 3522 751 3575 collronm
770 3521 825 3586 (uel
842 3537 855 3574 a
875 3527 947 3588 ports
966 3520 1070 3586 collina)
1088 3526 1151 3589 §ac

77 3597 170 3655 portam
185 3590 312 3674 pollinam
330 3592 372 3656 ΡΙ
386 3592 419 3672 lb
436 3590 508 3643 mille
526 3598 552 3644 et
570 3589 669 3672 ⁶⁴3·ss
683 3593 715 3644 27
734 3589 843 3671 esquilia
860 3590 902 3657 Pl
915 3591 947 3644 28
961 3590 1133 3671 sepulchra?

77 3659 108 3712 29
123 3659 238 3726 pubbcro
262 3677 299 3712 aa
322 3659 428 3727 publico
445 3659 478 3710 P'
490 3658 501 3728 Ι
515 3661 547 3712 30
571 3658 699 3738 uidissent
719 3663 739 3723 ς
762 3659 858 3711 uidisse
876 3665 902 3710 et
920 3675 955 3710 aar
972 3658 1080 3739 uidisset
1097 3659 1129 3712 1²¹

75 3729 107 3844 {²2
123 3729 243 3848 pquicem
259 3729 303 3795 ΡΙ
315 3726 396 3782 ellnsa
415 3727 459 3796 ΡΙ
470 3729 504 3781 at
520 3741 567 3795 pro
586 3727 704 3780 bostrbus
722 3731 742 3791 ς
759 3726 877 3780 hostibus
892 3728 917 3779 Ρ
930 3727 1068 3780 bostrlrbns
1081 3731 1151 3780 coni.

100 3811 129 3846 ra
180 3799 205 3848 b.
