2734 4250
190 141 231 200 58
580 139 674 193 LIBER
692 140 757 207 lllll,
775 142 816 193 60.
828 143 860 194 61
1132 167 1153 198 ι.
1164 155 1266 198 n-etitt

64 349 66 352 v
152 314 291 376 Scastris
322 313 477 394 oppidum,
507 321 704 393 expugnatur.
751 321 884 374 ceterum
912 313 1020 391 praeda
1049 310 1151 391 oppidi
1181 311 1266 390 parui
1363 290 1364 309 ¹

190 399 267 478 preti
290 416 389 460 rernm
413 397 483 472 luit,
506 397 637 478 supellex
659 396 827 472 barbarica,
850 415 884 458 ac
906 396 1010 459 uilium
1032 396 1266 476 mancipiorum

152 492 283 546 scastra
305 484 426 545 militem
455 481 587 544 ditauere
617 501 677 542 non
702 482 765 543 eins
788 483 874 543 modo
902 482 1065 556 exercitus,
1094 481 1145 560 qni
1167 481 1267 544 uictus

190 577 262 643 erat,
278 569 329 630 sed
345 567 459 642 eteius,
477 567 527 646 qni
543 585 610 629 cum
626 565 792 628 Hannibale
806 569 838 630 in
854 566 936 629 ltalia
951 565 1104 640 militabat,
1126 564 1267 628 omnibus

190 655 251 714 lere
268 655 342 716 caris
358 652 457 727 rebus,
480 671 519 714 ne
534 651 635 732 grama
650 651 860 731 impedimenta
881 650 1047 714 lerentibus
1061 660 1170 725 essent,
1194 652 1267 714 eitra
1290 664 1306 712 5

192 737 373 819 Pyrenaeum
395 737 513 799 relictis.

140 829 174 882 ct
276 823 451 902 Priusquam
474 831 554 884 certa
575 821 663 883 huius
678 821 769 883 cladis
790 821 866 882 lama
884 821 1040 895 accideret,
1063 831 1268 902 transgressus

191 907 334 969 Hiberum
350 907 514 970 Hasdrubal
535 926 603 968 eum
627 915 694 968 oete
716 906 835 968 milibus
857 907 998 985 peditum,
1020 906 1101 968 mille
1123 909 1267 987 equitum,

190 1001 339 1072 tamqnam
361 994 396 1054 ad
419 991 733 1072 primum'aduentnm
747 992 950 1052 Romanorum
971 1010 1161 1067 occursurus,
1183 1001 1269 1073 pest·

191 1095 277 1156 quam
301 1077 430 1157 perditas
452 1095 501 1139 res
522 1076 558 1139 ad
578 1076 680 1138 Cissim
702 1077 867 1155 amissaque
889 1084 984 1138 castra
1005 1077 1131 1156 accepit,
1154 1078 1210 1139 iter
1232 1078 1269 1139 ad
1294 1089 1323 1138 to

153 1171 168 1221 a
189 1179 269 1224 mare
292 1161 449 1224 conuertit.
485 1162 562 1224 haud
584 1162 690 1241 procul
706 1162 875 1222 Tarracone
891 1160 1030 1223 classicos
1050 1162 1158 1224 milites
1173 1181 1269 1224 naua-

191 1246 292 1327 lesque
314 1247 411 1310 socios
434 1266 525 1328 uagos
546 1247 733 1327 palantisque
755 1264 809 1325 per
830 1263 927 1324 agros,
950 1246 1029 1325 quod
1053 1248 1147 1308 lerme
1168 1249 1211 1323 lit,
1236 1259 1270 1310 ut

189 1333 337 1395 secundae
359 1352 407 1396 res
430 1331 645 1411 neclegentiam
668 1340 782 1405 creant,
805 1331 905 1410 equite
924 1332 1031 1411 passim
1053 1332 1174 1394 dimisse
1197 1351 1270 1393 cum

154 1427 168 1476 a
190 1435 296 1498 magna
312 1419 409 1493 caede,
431 1418 543 1479 maiore
558 1417 627 1496 luga
642 1415 677 1478 ad
695 1434 789 1478 naues
803 1415 954 1496 compellit
960 1435 969 1492 ;
992 1434 1049 1478 nec
1062 1416 1172 1480 diutius
1186 1417 1269 1479 circa

190 1521 223 1563 ea
249 1502 314 1564 loca
340 1503 450 1565 morari
476 1521 581 1576 ausus,
618 1521 656 1562 ne
684 1501 722 1562 ab
749 1501 890 1580 Scipione
920 1502 1154 1581 opprimeretur,
1183 1513 1270 1564 trans
1295 1515 1324 1564 tc

152 1595 167 1646 4
189 1586 332 1650 Hiberum
361 1606 426 1650 sese
455 1587 576 1666 recepit.
621 1595 650 1648 et
672 1586 773 1666 Scipio
795 1587 903 1666 raptim
924 1587 960 1647 ad
982 1588 1089 1647 lamam
1116 1605 1269 1650 nouorum

191 1672 319 1734 hostium
334 1672 451 1752 agmine
466 1682 542 1744 acto,
565 1689 632 1732 cum
648 1671 678 1732 in
694 1689 805 1752 pauens
819 1672 985 1751 praefectos
999 1672 1121 1733 nauium
1132 1672 1270 1734 animad-

190 1757 343 1832 uertisset,
372 1756 517 1838 praesidio
545 1757 715 1818 Tarracone
743 1757 860 1819 modico
890 1756 992 1818 relicto
1014 1756 1171 1836 Emporias
1197 1776 1270 1818 cum

152 1850 168 1899 5
190 1841 282 1903 classe
304 1842 399 1903 rediit.
436 1841 556 1903 uixdum
579 1841 711 1920 digresso
734 1861 770 1902 eo
793 1840 958 1904 Hasdrubal
979 1841 1089 1916 aderat,
1111 1852 1142 1904 et
1156 1842 1270 1922 llerge·

190 1936 253 1987 tum
276 1926 398 2006 populo,
421 1927 473 2005 qui
496 1925 614 1989 obsides
635 1927 768 2006 Scipioni
791 1926 922 2000 dederat,
943 1927 978 1987 ad
1001 1927 1197 1989 delectionem
1221 1929 1271 1989 in·
1295 1942 1325 1992 a)

191 2011 276 2089 pulso
299 2029 365 2072 cnm
389 2029 492 2072 eorum
521 2011 654 2090 ipsorum
682 2012 839 2073 iuuentute
863 2030 951 2091 agros
972 2011 1102 2073 fidelium
1125 2012 1272 2075 Romanis

153 2105 168 2156 t
189 2095 338 2159 sociorum
361 2105 466 2159 uastat.
509 2096 605 2159 excito
627 2095 735 2159 deinde
756 2097 897 2177 Scipione
917 2096 1051 2160 hibernis
1072 2105 1135 2159 toto
1157 2098 1200 2160 cis
1216 2097 1271 2160 lli·

190 2182 293 2242 berum
322 2201 426 2245 rursus
455 2182 532 2244 cedit
559 2199 640 2263 agro.
684 2182 784 2262 Scipio
806 2182 940 2244 relictam
965 2182 1000 2243 ab
1023 2191 1144 2244 auctore
1167 2184 1271 2245 delec-

191 2266 280 2329 tionis
302 2266 460 2347 Ilergetum
483 2277 602 2347 gentem
626 2285 694 2329 cum
718 2267 826 2330 infesto
849 2268 980 2329 exercitu
1002 2268 1171 2342 inuasisset,
1193 2287 1272 2331 con-

189 2351 282 2431 pulsis
299 2353 437 2416 omnibus
453 2353 634 2433 Atanagrum
651 2351 765 2428 urbem,
788 2371 863 2432 quae
878 2361 968 2434 caput
982 2353 1046 2414 eius
1068 2352 1172 2433 populi
1193 2364 1272 2427 erat,
1295 2366 1326 2416 ὅ
1363 2411 1364 2430 ,

152 2448 167 2497 t
188 2436 376 2501 circumsedit
397 2438 535 2516 intraque
549 2437 612 2499 dies
634 2454 746 2517 paucos
760 2437 897 2518 pluribus
914 2456 1002 2516 quam
1026 2449 1096 2499 ante
1114 2437 1272 2501 obsidibus
1363 2437 1365 2506 l

188 2522 340 2602 imperatis
355 2523 496 2602 llergetes
518 2522 644 2602 pecunia
666 2522 755 2585 etiam
776 2523 915 2585 multatos
935 2523 966 2584 in
989 2523 1037 2585 ius
1058 2522 1271 2603 dicionemque
1363 2527 1364 2564 l

152 2608 309 2687 trecopit.
353 2607 422 2669 inde
451 2607 482 2668 in
505 2607 670 2670 Ausetanos
697 2626 793 2688 prope
815 2608 976 2682 Hiberum,
1003 2608 1100 2670 socios
1128 2616 1159 2670 et
1184 2610 1272 2689 ipsos
1363 2683 1364 2688 γ

189 2692 369 2767 Poenorum,
391 2691 535 2771 procedit,
557 2700 645 2771 atque
661 2693 736 2753 urbe
751 2710 856 2756 eornm
870 2693 989 2755 obsessa
1004 2693 1170 2755 Lacetanos
1182 2695 1270 2756 auxi·
1363 2701 1364 2730 ³

189 2776 260 2837 lium
275 2776 409 2838 finitimis
423 2778 553 2839 terentes
569 2788 656 2839 noete
671 2777 750 2840 hand
770 2779 875 2857 procul
891 2779 948 2840 iam
963 2777 1049 2852 urbe,
1071 2796 1139 2839 oum
1155 2779 1271 2843 intrare
1293 2791 1326 2841 ao

152 2870 167 2919 9
188 2860 309 2937 uellent,
332 2862 447 2941 excepit
468 2862 591 2925 insidiis.
629 2881 713 2925 caesa
729 2862 764 2924 ad
779 2863 935 2925 duodecim
952 2863 1046 2937 milia;
1069 2863 1149 2925 exuti
1170 2882 1270 2944 prope

189 2963 292 3007 omnes
314 2946 403 3007 armis
425 2947 530 3009 atomos
552 2948 659 3027 passim
675 2948 809 3028 palantes
830 2967 885 3028 per
908 2966 995 3028 agros
1016 2948 1170 3028 dillugere.
1209 2967 1269 3010 nec

188 3030 325 3093 obsessos
346 3030 400 3092 alia
422 3031 481 3093 ulla
504 3050 552 3093 res
573 3051 662 3112 quam
685 3033 788 3113 iniqua
804 3033 1050 3114 oppugnantibus
1071 3033 1165 3095 hiems
1186 3042 1269 3095 tnta·

274 3200 289 3249 2
307 3197 425 3264 superlex
443 3198 513 3265 Ρ113
532 3198 609 3250 modo
626 3199 757 3268 (praeda)
776 3199 847 3252 Koelt
863 3200 874 3267 l
893 3203 909 3253 6
926 3214 1080 3268 pyrroneum
1097 3200 1139 3267 Pl
1159 3202 1175 3252 8
1193 3200 1270 3268 pedi·

188 3270 240 3318 tum
261 3264 296 3317 12²
321 3263 429 3318 reditum
454 3267 487 3318 Ρ·
505 3267 514 3333 ΙΙ
536 3268 565 3321 11
587 3266 738 3319 tharrecone
762 3270 786 3319 P
799 3268 809 3334 ΙΙ
826 3268 949 3320 classicos
973 3268 1006 3318 P·
1038 3268 1114 3320 classi
1136 3272 1182 3321 ῶῑ
1205 3268 1268 3331 Μ

190 3337 221 3387 16
233 3333 315 3398 scipio
328 3333 362 3384 1²⁸
387 3334 468 3401 spicio
481 3334 513 3385 P¹
526 3333 535 3401 11
549 3332 615 3386 lama
628 3334 668 3401 ΡΙΙ
684 3338 715 3388 tt
727 3333 854 3388 rseleetos
870 3335 913 3402 ΡΙ
925 3336 1028 3389 nauium
1042 3336 1124 3390 Grcm
1140 3336 1221 3403 pauiu
1234 3338 1267 3388 P¹

189 3402 291 3468 paulum
308 3400 343 3452 1³²
359 3401 368 3471 11
386 3402 624 3482 animanduertisset
642 3405 666 3454 P
680 3403 742 3484 {1⁸18
760 3404 884 3483 emptoria
903 3402 944 3485 Pl
960 3404 1145 3485 ltlnilergetnrn
1163 3408 1183 3469 ς
1210 3404 1268 3487 ille·

187 3468 452 3602 {llllllspddl
467 3469 1266 3606 ἱῗὲοἶῗ1ῗῖἐὲἓῖἱῖῗέἓῇι“ἕ·ῗ“ἑῗ,ιιξῗω”ἔ“ωὲιῖἓξ”ῗῖ

188 3606 220 3657 28
238 3608 376 3655 ansetnnos
395 3621 429 3655 ee
446 3606 602 3657 ausetadncs
619 3608 652 3658 Ρι
669 3610 696 3657 et
712 3608 748 3658 1¹¹
763 3606 775 3674 ΙΙ
791 3610 824 3660 29
848 3608 931 3674 idque
949 3608 1038 3660 urbem
1055 3606 1101 3672 Pl
1119 3608 1227 3661 obsessa
1246 3612 1266 3672 ς

188 3671 302 3721 obiressa
320 3670 363 3735 Pl
375 3670 505 3725 lecetsnos
523 3675 551 3735 P,
570 3672 604 3731 cs.
618 3690 674 3739 eap.
688 3673 730 3739 23,
741 3674 767 3739 2,
784 3675 916 3728 laeetanos
929 3677 1053 3726 Haeduae·
1065 3676 1153 3730 Herm
1166 3677 1182 3727 1
1190 3676 1265 3743 3401

188 3739 221 3789 30
233 3735 321 3788 urbem
335 3736 566 3806 allandensem}
579 3742 610 3793 31
630 3740 662 3792 ad
680 3740 815 3793 duodecim
833 3744 903 3794 milla
920 3749 941 3805 ς
965 3742 998 3794 ad
1015 3744 1095 3794 ιιι-Ρ1
1125 3744 1194 3795 anxii
1208 3742 1263 3811 P’t

189 3806 222 3856 33
240 3803 339 3871 hiemps
357 3804 398 3872 ΡΙΙ
429 3805 558 3857 tutabatur
576 3824 610 3857 ee
628 3807 748 3859 utebatur
765 3810 797 3860 P¹
