<?xml version="1.0" encoding="UTF-8"?>
<!DOCTYPE html PUBLIC "-//W3C//DTD XHTML 1.0 Transitional//EN"
    "http://www.w3.org/TR/xhtml1/DTD/xhtml1-transitional.dtd">
<html xmlns="http://www.w3.org/1999/xhtml" xml:lang="en" lang="en">
 <head>
  <title>
</title>
<meta http-equiv="Content-Type" content="text/html;charset=utf-8" />
  <meta name='ocr-system' content='tesseract 3.04.00' />
  <meta name='ocr-capabilities' content='ocr_page ocr_carea ocr_par ocr_line ocrx_word'/>
</head>
<body>
  <div class='ocr_page' id='page_1' title='image "./aburbeconditali00paasgoog_0352.png"; bbox 0 0 2734 4250; ppageno 0'>
   <div class='ocr_carea' id='block_1_1' title="bbox 180 73 1264 141">
    <p class='ocr_par' dir='ltr' id='par_1_1' title="bbox 180 73 1264 141">
     <span class='ocr_line' id='line_1_1' title="bbox 180 73 1264 141; baseline 0.013 -19"><span class='ocrx_word' id='word_1_1' title='bbox 180 74 220 134; x_wconf 86' lang='lat'><strong>22</strong></span> <span class='ocrx_word' id='word_1_2' title='bbox 561 73 765 141; x_wconf 85' lang='lat' dir='ltr'><strong>uesaxxu,</strong></span> <span class='ocrx_word' id='word_1_3' title='bbox 783 77 823 128; x_wconf 81' lang='lat' dir='ltr'><strong>rs.</strong></span> <span class='ocrx_word' id='word_1_4' title='bbox 843 78 874 129; x_wconf 83' lang='lat' dir='ltr'><strong>re</strong></span> <span class='ocrx_word' id='word_1_5' title='bbox 1108 94 1264 135; x_wconf 68' lang='lat' dir='ltr'><strong>..ceso</strong></span> 
     </span>
    </p>
   </div>
   <div class='ocr_carea' id='block_1_2' title="bbox 127 246 1362 2710">
    <p class='ocr_par' dir='ltr' id='par_1_2' title="bbox 141 246 1264 328">
     <span class='ocr_line' id='line_1_2' title="bbox 141 246 1264 328; baseline -0.002 -17"><span class='ocrx_word' id='word_1_6' title='bbox 141 269 157 320; x_wconf 80' lang='lat'>9</span> <span class='ocrx_word' id='word_1_7' title='bbox 180 249 326 328; x_wconf 84' lang='lat' dir='ltr'><strong>extemplo</strong></span> <span class='ocrx_word' id='word_1_8' title='bbox 348 256 419 310; x_wconf 91' lang='lat' dir='ltr'><strong>sunt</strong></span> <span class='ocrx_word' id='word_1_9' title='bbox 442 246 511 308; x_wconf 80' lang='lat' dir='ltr'><strong>lelix</strong></span> <span class='ocrx_word' id='word_1_10' title='bbox 532 248 721 327; x_wconf 77' lang='lat' dir='ltr'><strong>faustumque</strong></span> <span class='ocrx_word' id='word_1_11' title='bbox 744 246 911 327; x_wconf 88' lang='lat' dir='ltr'><strong>imperium.</strong></span> <span class='ocrx_word' id='word_1_12' title='bbox 955 248 1026 309; x_wconf 88' lang='lat' dir='ltr'><strong>iussi</strong></span> <span class='ocrx_word' id='word_1_13' title='bbox 1048 246 1156 309; x_wconf 92' lang='lat' dir='ltr'><strong>deinde</strong></span> <span class='ocrx_word' id='word_1_14' title='bbox 1180 247 1264 309; x_wconf 92' lang='lat' dir='ltr'><strong>inire</strong></span> 
     </span>
    </p>

    <p class='ocr_par' dir='ltr' id='par_1_3' title="bbox 140 331 1265 498">
     <span class='ocr_line' id='line_1_3' title="bbox 140 331 1265 413; baseline -0.001 -18"><span class='ocrx_word' id='word_1_15' title='bbox 140 383 141 387; x_wconf 65' lang='lat'><strong>,</strong></span> <span class='ocrx_word' id='word_1_16' title='bbox 180 333 351 413; x_wconf 79' lang='lat' dir='ltr'><strong>suffragium</strong></span> <span class='ocrx_word' id='word_1_17' title='bbox 379 333 413 394; x_wconf 88' lang='lat' dir='ltr'><strong>ad</strong></span> <span class='ocrx_word' id='word_1_18' title='bbox 441 350 535 394; x_wconf 94' lang='lat' dir='ltr'><strong>unum</strong></span> <span class='ocrx_word' id='word_1_19' title='bbox 563 350 667 394; x_wconf 89' lang='lat' dir='ltr'><strong>omnes</strong></span> <span class='ocrx_word' id='word_1_20' title='bbox 697 351 758 393; x_wconf 91' lang='lat' dir='ltr'><strong>non</strong></span> <span class='ocrx_word' id='word_1_21' title='bbox 788 332 939 393; x_wconf 80' lang='lat' dir='ltr'><strong>centuriae</strong></span> <span class='ocrx_word' id='word_1_22' title='bbox 967 334 1055 394; x_wconf 90' lang='lat' dir='ltr'><strong>modo</strong></span> <span class='ocrx_word' id='word_1_23' title='bbox 1085 331 1138 394; x_wconf 93' lang='lat' dir='ltr'><strong>sed</strong></span> <span class='ocrx_word' id='word_1_24' title='bbox 1168 334 1265 395; x_wconf 85' lang='lat' dir='ltr'><strong>etiam</strong></span> 
     </span>
     <span class='ocr_line' id='line_1_4' title="bbox 179 417 1263 498; baseline 0 -20"><span class='ocrx_word' id='word_1_25' title='bbox 179 418 316 480; x_wconf 87' lang='lat' dir='ltr'><strong>homines</strong></span> <span class='ocrx_word' id='word_1_26' title='bbox 344 418 377 479; x_wconf 87' lang='lat' dir='ltr'><strong>P.</strong></span> <span class='ocrx_word' id='word_1_27' title='bbox 405 417 538 498; x_wconf 81' lang='lat' dir='ltr'><strong>Scipioni</strong></span> <span class='ocrx_word' id='word_1_28' title='bbox 566 417 724 497; x_wconf 88' lang='lat' dir='ltr'><strong>imperium</strong></span> <span class='ocrx_word' id='word_1_29' title='bbox 760 436 824 479; x_wconf 86' lang='lat' dir='ltr'><strong>esse</strong></span> <span class='ocrx_word' id='word_1_30' title='bbox 856 417 888 478; x_wconf 96' lang='lat' dir='ltr'><strong>in</strong></span> <span class='ocrx_word' id='word_1_31' title='bbox 919 417 1058 497; x_wconf 81' lang='lat' dir='ltr'><strong>Hispania</strong></span> <span class='ocrx_word' id='word_1_32' title='bbox 1091 417 1263 480; x_wconf 89' lang='lat' dir='ltr'><strong>iusserunt.</strong></span> 
     </span>
    </p>

    <p class='ocr_par' dir='ltr' id='par_1_4' title="bbox 127 501 1302 753">
     <span class='ocr_line' id='line_1_5' title="bbox 127 501 1261 583; baseline -0.003 -17"><span class='ocrx_word' id='word_1_33' title='bbox 127 515 157 566; x_wconf 84' lang='grc'><strong>11</strong></span> <span class='ocrx_word' id='word_1_34' title='bbox 177 512 309 565; x_wconf 89' lang='lat' dir='ltr'><strong>ceterum</strong></span> <span class='ocrx_word' id='word_1_35' title='bbox 332 511 400 583; x_wconf 92' lang='lat' dir='ltr'><strong>post</strong></span> <span class='ocrx_word' id='word_1_36' title='bbox 421 521 484 564; x_wconf 92' lang='lat' dir='ltr'><strong>rem</strong></span> <span class='ocrx_word' id='word_1_37' title='bbox 506 512 610 576; x_wconf 88' lang='lat' dir='ltr'><strong>actam,</strong></span> <span class='ocrx_word' id='word_1_38' title='bbox 633 510 667 563; x_wconf 92' lang='lat' dir='ltr'><strong>ut</strong></span> <span class='ocrx_word' id='word_1_39' title='bbox 688 502 744 563; x_wconf 94' lang='lat' dir='ltr'><strong>iam</strong></span> <span class='ocrx_word' id='word_1_40' title='bbox 768 501 917 565; x_wconf 76' lang='lat' dir='ltr'><strong>resederat</strong></span> <span class='ocrx_word' id='word_1_41' title='bbox 938 502 1067 582; x_wconf 87' lang='lat' dir='ltr'><strong>impetus</strong></span> <span class='ocrx_word' id='word_1_42' title='bbox 1084 503 1261 564; x_wconf 91' lang='lat' dir='ltr'><strong>animorum</strong></span> 
     </span>
     <span class='ocr_line' id='line_1_6' title="bbox 178 587 1302 667; baseline -0.002 -18"><span class='ocrx_word' id='word_1_43' title='bbox 178 587 336 667; x_wconf 91' lang='lat' dir='ltr'><strong>ardorque,</strong></span> <span class='ocrx_word' id='word_1_44' title='bbox 358 587 507 650; x_wconf 90' lang='lat' dir='ltr'><strong>silentium</strong></span> <span class='ocrx_word' id='word_1_45' title='bbox 529 588 627 650; x_wconf 88' lang='lat' dir='ltr'><strong>subito</strong></span> <span class='ocrx_word' id='word_1_46' title='bbox 650 595 749 649; x_wconf 88' lang='lat' dir='ltr'><strong>ortum</strong></span> <span class='ocrx_word' id='word_1_47' title='bbox 772 596 802 649; x_wconf 90' lang='lat' dir='ltr'><strong>et</strong></span> <span class='ocrx_word' id='word_1_48' title='bbox 823 588 909 649; x_wconf 85' lang='lat' dir='ltr'><strong>tacita</strong></span> <span class='ocrx_word' id='word_1_49' title='bbox 931 587 1086 667; x_wconf 77' lang='lat' dir='ltr'><strong>cogitatio,</strong></span> <span class='ocrx_word' id='word_1_50' title='bbox 1112 587 1262 666; x_wconf 88' lang='lat' dir='ltr'><strong>quidnam</strong></span> <span class='ocrx_word' id='word_1_51' title='bbox 1286 600 1302 647; x_wconf 87' lang='lat'><strong>5</strong></span> 
     </span>
     <span class='ocr_line' id='line_1_7' title="bbox 178 670 1262 753; baseline 0 -18"><span class='ocrx_word' id='word_1_52' title='bbox 178 671 330 753; x_wconf 79' lang='lat' dir='ltr'><strong>egissent?</strong></span> <span class='ocrx_word' id='word_1_53' title='bbox 374 691 475 734; x_wconf 90' lang='lat' dir='ltr'><strong>nonne</strong></span> <span class='ocrx_word' id='word_1_54' title='bbox 510 674 596 735; x_wconf 90' lang='lat' dir='ltr'><strong>iauor</strong></span> <span class='ocrx_word' id='word_1_55' title='bbox 622 672 690 753; x_wconf 89' lang='lat' dir='ltr'><strong>plus</strong></span> <span class='ocrx_word' id='word_1_56' title='bbox 720 672 862 734; x_wconf 88' lang='lat' dir='ltr'><strong>ualuisset</strong></span> <span class='ocrx_word' id='word_1_57' title='bbox 891 690 980 751; x_wconf 92' lang='lat' dir='ltr'><strong>quam</strong></span> <span class='ocrx_word' id='word_1_58' title='bbox 1009 670 1106 735; x_wconf 81' lang='lat' dir='ltr'><strong>ratio?</strong></span> <span class='ocrx_word' id='word_1_59' title='bbox 1151 674 1262 735; x_wconf 91' lang='lat' dir='ltr'><strong>aetatis</strong></span> 
     </span>
    </p>

    <p class='ocr_par' dir='ltr' id='par_1_5' title="bbox 127 756 1362 1009">
     <span class='ocr_line' id='line_1_8' title="bbox 127 756 1263 839; baseline -0.003 -17"><span class='ocrx_word' id='word_1_60' title='bbox 127 769 154 822; x_wconf 88' lang='lat' dir='ltr'><strong>tl</strong></span> <span class='ocrx_word' id='word_1_61' title='bbox 177 758 304 821; x_wconf 83' lang='lat' dir='ltr'><strong>maxime</strong></span> <span class='ocrx_word' id='word_1_62' title='bbox 325 756 509 839; x_wconf 89' lang='lat' dir='ltr'><strong>paenitebat;</strong></span> <span class='ocrx_word' id='word_1_63' title='bbox 538 758 656 837; x_wconf 85' lang='lat' dir='ltr'><strong>quidem</strong></span> <span class='ocrx_word' id='word_1_64' title='bbox 686 760 835 819; x_wconf 81' lang='lat' dir='ltr'><strong>fortunam</strong></span> <span class='ocrx_word' id='word_1_65' title='bbox 859 757 945 819; x_wconf 88' lang='lat' dir='ltr'><strong>etiam</strong></span> <span class='ocrx_word' id='word_1_66' title='bbox 968 757 1073 819; x_wconf 91' lang='lat' dir='ltr'><strong>domus</strong></span> <span class='ocrx_word' id='word_1_67' title='bbox 1090 758 1263 819; x_wconf 84' lang='lat' dir='ltr'><strong>horrebant</strong></span> 
     </span>
     <span class='ocr_line' id='line_1_9' title="bbox 180 841 1261 924; baseline -0.003 -18"><span class='ocrx_word' id='word_1_68' title='bbox 180 861 350 924; x_wconf 90' lang='lat' dir='ltr'><strong>nomenque</strong></span> <span class='ocrx_word' id='word_1_69' title='bbox 378 862 414 905; x_wconf 83' lang='lat' dir='ltr'><strong>ex</strong></span> <span class='ocrx_word' id='word_1_70' title='bbox 436 843 561 906; x_wconf 88' lang='lat' dir='ltr'><strong>lunestis</strong></span> <span class='ocrx_word' id='word_1_71' title='bbox 582 843 698 905; x_wconf 90' lang='lat' dir='ltr'><strong>duabus</strong></span> <span class='ocrx_word' id='word_1_72' title='bbox 722 842 839 905; x_wconf 80' lang='lat' dir='ltr'><strong>familiis</strong></span> <span class='ocrx_word' id='word_1_73' title='bbox 860 841 892 903; x_wconf 96' lang='lat' dir='ltr'><strong>in</strong></span> <span class='ocrx_word' id='word_1_74' title='bbox 915 860 965 904; x_wconf 86' lang='lat' dir='ltr'><strong>eas</strong></span> <span class='ocrx_word' id='word_1_75' title='bbox 987 842 1173 922; x_wconf 88' lang='lat' dir='ltr'><strong>prouincias,</strong></span> <span class='ocrx_word' id='word_1_76' title='bbox 1204 842 1261 903; x_wconf 93' lang='lat' dir='ltr'><strong>ubi</strong></span> 
     </span>
     <span class='ocr_line' id='line_1_10' title="bbox 179 927 1362 1009; baseline 0.003 -20"><span class='ocrx_word' id='word_1_77' title='bbox 179 929 259 990; x_wconf 91' lang='lat' dir='ltr'><strong>inter</strong></span> <span class='ocrx_word' id='word_1_78' title='bbox 285 929 423 1009; x_wconf 83' lang='lat' dir='ltr'><strong>sepulcra</strong></span> <span class='ocrx_word' id='word_1_79' title='bbox 451 928 543 1008; x_wconf 86' lang='lat' dir='ltr'><strong>patris</strong></span> <span class='ocrx_word' id='word_1_80' title='bbox 567 927 725 1009; x_wconf 87' lang='lat' dir='ltr'><strong>patruique</strong></span> <span class='ocrx_word' id='word_1_81' title='bbox 747 946 795 989; x_wconf 90' lang='lat' dir='ltr'><strong>res</strong></span> <span class='ocrx_word' id='word_1_82' title='bbox 817 927 965 1007; x_wconf 81' lang='lat' dir='ltr'><strong>gerendae</strong></span> <span class='ocrx_word' id='word_1_83' title='bbox 988 936 1102 999; x_wconf 86' lang='lat' dir='ltr'><strong>essent,</strong></span> <span class='ocrx_word' id='word_1_84' title='bbox 1131 928 1260 1007; x_wconf 83' lang='lat' dir='ltr'><strong>prolici-</strong></span> <span class='ocrx_word' id='word_1_85' title='bbox 1361 952 1362 993; x_wconf 75' lang='lat' dir='ltr'><strong>i</strong></span> 
     </span>
    </p>

    <p class='ocr_par' dir='ltr' id='par_1_6' title="bbox 128 1012 1362 1264">
     <span class='ocr_line' id='line_1_11' title="bbox 128 1012 1315 1093; baseline -0.002 -18"><span class='ocrx_word' id='word_1_86' title='bbox 128 1020 163 1076; x_wconf 79' lang='grc'><strong>12</strong></span> <span class='ocrx_word' id='word_1_87' title='bbox 178 1014 297 1075; x_wconf 88' lang='lat' dir='ltr'><strong>scentis.</strong></span> <span class='ocrx_word' id='word_1_88' title='bbox 321 1032 410 1093; x_wconf 88' lang='lat' dir='ltr'><strong>quam</strong></span> <span class='ocrx_word' id='word_1_89' title='bbox 424 1014 475 1075; x_wconf 91' lang='lat' dir='ltr'><strong>ubi</strong></span> <span class='ocrx_word' id='word_1_90' title='bbox 489 1012 526 1073; x_wconf 90' lang='lat' dir='ltr'><strong>ab</strong></span> <span class='ocrx_word' id='word_1_91' title='bbox 541 1031 574 1075; x_wconf 90' lang='lat' dir='ltr'><strong>re</strong></span> <span class='ocrx_word' id='word_1_92' title='bbox 588 1022 672 1075; x_wconf 90' lang='lat' dir='ltr'><strong>tanto</strong></span> <span class='ocrx_word' id='word_1_93' title='bbox 687 1013 801 1093; x_wconf 91' lang='lat' dir='ltr'><strong>impetu</strong></span> <span class='ocrx_word' id='word_1_94' title='bbox 815 1021 877 1074; x_wconf 90' lang='lat' dir='ltr'><strong>aeta</strong></span> <span class='ocrx_word' id='word_1_95' title='bbox 893 1012 1121 1074; x_wconf 88' lang='lat' dir='ltr'><strong>sollicitudinem</strong></span> <span class='ocrx_word' id='word_1_96' title='bbox 1136 1030 1262 1075; x_wconf 87' lang='lat' dir='ltr'><strong>curam·</strong></span> <span class='ocrx_word' id='word_1_97' title='bbox 1287 1022 1315 1073; x_wconf 90' lang='grc'><strong>11</strong></span> 
     </span>
     <span class='ocr_line' id='line_1_12' title="bbox 178 1098 1362 1179; baseline -0.002 -19"><span class='ocrx_word' id='word_1_98' title='bbox 178 1117 237 1179; x_wconf 93' lang='lat' dir='ltr'><strong>que</strong></span> <span class='ocrx_word' id='word_1_99' title='bbox 257 1099 412 1161; x_wconf 88' lang='lat' dir='ltr'><strong>homiuum</strong></span> <span class='ocrx_word' id='word_1_100' title='bbox 432 1099 648 1171; x_wconf 77' lang='lat' dir='ltr'><strong>animaduertit,</strong></span> <span class='ocrx_word' id='word_1_101' title='bbox 670 1099 814 1161; x_wconf 87' lang='lat' dir='ltr'><strong>aduocata</strong></span> <span class='ocrx_word' id='word_1_102' title='bbox 830 1098 972 1161; x_wconf 85' lang='lat' dir='ltr'><strong>contione</strong></span> <span class='ocrx_word' id='word_1_103' title='bbox 986 1098 1025 1159; x_wconf 86' lang='lat' dir='ltr'><strong>ita</strong></span> <span class='ocrx_word' id='word_1_104' title='bbox 1041 1099 1077 1159; x_wconf 93' lang='lat' dir='ltr'><strong>de</strong></span> <span class='ocrx_word' id='word_1_105' title='bbox 1091 1108 1185 1160; x_wconf 87' lang='lat' dir='ltr'><strong>aetate</strong></span> <span class='ocrx_word' id='word_1_106' title='bbox 1201 1118 1260 1161; x_wconf 88' lang='lat' dir='ltr'><strong>sua</strong></span> <span class='ocrx_word' id='word_1_107' title='bbox 1361 1166 1362 1169; x_wconf 8' lang='grc' dir='ltr'><strong>Ἴ</strong></span> 
     </span>
     <span class='ocr_line' id='line_1_13' title="bbox 178 1182 1362 1264; baseline 0.001 -20"><span class='ocrx_word' id='word_1_108' title='bbox 178 1184 363 1264; x_wconf 89' lang='lat' dir='ltr'><strong>imperioque</strong></span> <span class='ocrx_word' id='word_1_109' title='bbox 385 1184 523 1245; x_wconf 92' lang='lat' dir='ltr'><strong>mandato</strong></span> <span class='ocrx_word' id='word_1_110' title='bbox 546 1194 576 1245; x_wconf 92' lang='lat' dir='ltr'><strong>et</strong></span> <span class='ocrx_word' id='word_1_111' title='bbox 595 1183 691 1257; x_wconf 90' lang='lat' dir='ltr'><strong>bello,</strong></span> <span class='ocrx_word' id='word_1_112' title='bbox 720 1184 800 1263; x_wconf 91' lang='lat' dir='ltr'><strong>quod</strong></span> <span class='ocrx_word' id='word_1_113' title='bbox 828 1182 996 1263; x_wconf 87' lang='lat' dir='ltr'><strong>gerundum</strong></span> <span class='ocrx_word' id='word_1_114' title='bbox 1019 1193 1111 1255; x_wconf 91' lang='lat' dir='ltr'><strong>esset,</strong></span> <span class='ocrx_word' id='word_1_115' title='bbox 1142 1201 1258 1263; x_wconf 91' lang='lat' dir='ltr'><strong>magno</strong></span> <span class='ocrx_word' id='word_1_116' title='bbox 1361 1222 1362 1225; x_wconf 59' lang='lat'><em>=</em></span> 
     </span>
    </p>

    <p class='ocr_par' dir='ltr' id='par_1_7' title="bbox 140 1268 1362 1348">
     <span class='ocr_line' id='line_1_14' title="bbox 140 1268 1362 1348; baseline -0.001 -17"><span class='ocrx_word' id='word_1_117' title='bbox 140 1280 156 1331; x_wconf 86' lang='grc'>2</span> <span class='ocrx_word' id='word_1_118' title='bbox 178 1268 314 1348; x_wconf 88' lang='lat' dir='ltr'><strong>elatoque</strong></span> <span class='ocrx_word' id='word_1_119' title='bbox 335 1269 435 1330; x_wconf 92' lang='lat' dir='ltr'><strong>auimo</strong></span> <span class='ocrx_word' id='word_1_120' title='bbox 450 1268 598 1342; x_wconf 82' lang='lat' dir='ltr'><strong>disseruit,</strong></span> <span class='ocrx_word' id='word_1_121' title='bbox 621 1277 654 1331; x_wconf 93' lang='lat' dir='ltr'><strong>ut</strong></span> <span class='ocrx_word' id='word_1_122' title='bbox 668 1269 806 1330; x_wconf 88' lang='lat' dir='ltr'><strong>ardorem</strong></span> <span class='ocrx_word' id='word_1_123' title='bbox 821 1286 899 1342; x_wconf 91' lang='lat' dir='ltr'><strong>eum,</strong></span> <span class='ocrx_word' id='word_1_124' title='bbox 923 1268 973 1347; x_wconf 93' lang='lat' dir='ltr'><strong>qui</strong></span> <span class='ocrx_word' id='word_1_125' title='bbox 990 1270 1150 1342; x_wconf 86' lang='lat' dir='ltr'><strong>resederat,</strong></span> <span class='ocrx_word' id='word_1_126' title='bbox 1174 1270 1260 1331; x_wconf 87' lang='lat' dir='ltr'><strong>exci-</strong></span> <span class='ocrx_word' id='word_1_127' title='bbox 1361 1298 1362 1313; x_wconf 71' lang='lat'><em>2</em></span> 
     </span>
    </p>

    <p class='ocr_par' dir='ltr' id='par_1_8' title="bbox 131 1353 1362 1519">
     <span class='ocr_line' id='line_1_15' title="bbox 131 1353 1258 1434; baseline 0.001 -19"><span class='ocrx_word' id='word_1_128' title='bbox 131 1393 135 1398; x_wconf 78' lang='lat'><strong>.</strong></span> <span class='ocrx_word' id='word_1_129' title='bbox 179 1364 253 1416; x_wconf 86' lang='lat' dir='ltr'><strong>taret</strong></span> <span class='ocrx_word' id='word_1_130' title='bbox 280 1373 384 1417; x_wconf 91' lang='lat' dir='ltr'><strong>rursus</strong></span> <span class='ocrx_word' id='word_1_131' title='bbox 414 1362 597 1433; x_wconf 90' lang='lat' dir='ltr'><strong>nouaretque</strong></span> <span class='ocrx_word' id='word_1_132' title='bbox 626 1362 658 1415; x_wconf 90' lang='lat' dir='ltr'><strong>et</strong></span> <span class='ocrx_word' id='word_1_133' title='bbox 684 1353 823 1433; x_wconf 91' lang='lat' dir='ltr'><strong>impleret</strong></span> <span class='ocrx_word' id='word_1_134' title='bbox 849 1353 987 1415; x_wconf 90' lang='lat' dir='ltr'><strong>homines</strong></span> <span class='ocrx_word' id='word_1_135' title='bbox 1015 1354 1151 1415; x_wconf 78' lang='lat' dir='ltr'><strong>certioris</strong></span> <span class='ocrx_word' id='word_1_136' title='bbox 1179 1355 1258 1434; x_wconf 90' lang='lat' dir='ltr'><strong>spei,</strong></span> 
     </span>
     <span class='ocr_line' id='line_1_16' title="bbox 180 1438 1362 1519; baseline -0.001 -20"><span class='ocrx_word' id='word_1_137' title='bbox 180 1457 268 1518; x_wconf 94' lang='lat' dir='ltr'><strong>quam</strong></span> <span class='ocrx_word' id='word_1_138' title='bbox 290 1449 430 1519; x_wconf 83' lang='lat' dir='ltr'><strong>quantam</strong></span> <span class='ocrx_word' id='word_1_139' title='bbox 451 1439 525 1501; x_wconf 88' lang='lat' dir='ltr'><strong>lides</strong></span> <span class='ocrx_word' id='word_1_140' title='bbox 540 1438 676 1519; x_wconf 90' lang='lat' dir='ltr'><strong>promissi</strong></span> <span class='ocrx_word' id='word_1_141' title='bbox 691 1438 813 1500; x_wconf 91' lang='lat' dir='ltr'><strong>humani</strong></span> <span class='ocrx_word' id='word_1_142' title='bbox 828 1448 879 1499; x_wconf 92' lang='lat' dir='ltr'><strong>aut</strong></span> <span class='ocrx_word' id='word_1_143' title='bbox 896 1438 970 1500; x_wconf 86' lang='lat' dir='ltr'><strong>ratio</strong></span> <span class='ocrx_word' id='word_1_144' title='bbox 986 1446 1017 1499; x_wconf 90' lang='lat' dir='ltr'><strong>et</strong></span> <span class='ocrx_word' id='word_1_145' title='bbox 1030 1439 1135 1500; x_wconf 82' lang='lat' dir='ltr'><strong>fiducia</strong></span> <span class='ocrx_word' id='word_1_146' title='bbox 1152 1456 1258 1501; x_wconf 89' lang='lat' dir='ltr'><strong>rerum</strong></span> <span class='ocrx_word' id='word_1_147' title='bbox 1282 1448 1309 1499; x_wconf 81' lang='lat' dir='ltr'><strong>lt</strong></span> <span class='ocrx_word' id='word_1_148' title='bbox 1361 1444 1362 1507; x_wconf 73' lang='grc'><strong>1</strong></span> 
     </span>
    </p>

    <p class='ocr_par' dir='ltr' id='par_1_9' title="bbox 140 1523 1258 1689">
     <span class='ocr_line' id='line_1_17' title="bbox 140 1523 1258 1603; baseline 0.003 -20"><span class='ocrx_word' id='word_1_149' title='bbox 140 1533 155 1583; x_wconf 83' lang='lat' dir='ltr'><strong>a</strong></span> <span class='ocrx_word' id='word_1_150' title='bbox 177 1524 313 1586; x_wconf 91' lang='lat' dir='ltr'><strong>subicere</strong></span> <span class='ocrx_word' id='word_1_151' title='bbox 335 1525 418 1586; x_wconf 84' lang='lat' dir='ltr'><strong>solet.</strong></span> <span class='ocrx_word' id='word_1_152' title='bbox 462 1524 518 1586; x_wconf 91' lang='lat' dir='ltr'><strong>luit</strong></span> <span class='ocrx_word' id='word_1_153' title='bbox 539 1523 618 1584; x_wconf 87' lang='lat' dir='ltr'><strong>enim</strong></span> <span class='ocrx_word' id='word_1_154' title='bbox 641 1523 741 1603; x_wconf 82' lang='lat' dir='ltr'><strong>Scipio</strong></span> <span class='ocrx_word' id='word_1_155' title='bbox 765 1543 826 1585; x_wconf 96' lang='lat' dir='ltr'><strong>non</strong></span> <span class='ocrx_word' id='word_1_156' title='bbox 849 1523 929 1585; x_wconf 86' lang='lat' dir='ltr'><strong>ueris</strong></span> <span class='ocrx_word' id='word_1_157' title='bbox 950 1532 1066 1585; x_wconf 90' lang='lat' dir='ltr'><strong>tantum</strong></span> <span class='ocrx_word' id='word_1_158' title='bbox 1089 1523 1258 1586; x_wconf 89' lang='lat' dir='ltr'><strong>uirtutibus</strong></span> 
     </span>
     <span class='ocr_line' id='line_1_18' title="bbox 179 1608 1257 1689; baseline 0 -20"><span class='ocrx_word' id='word_1_159' title='bbox 179 1608 328 1686; x_wconf 91' lang='lat' dir='ltr'><strong>mirabilis,</strong></span> <span class='ocrx_word' id='word_1_160' title='bbox 349 1609 401 1671; x_wconf 83' lang='lat' dir='ltr'><strong>sed</strong></span> <span class='ocrx_word' id='word_1_161' title='bbox 422 1618 486 1671; x_wconf 84' lang='lat' dir='ltr'><strong>arte</strong></span> <span class='ocrx_word' id='word_1_162' title='bbox 508 1626 628 1689; x_wconf 93' lang='lat' dir='ltr'><strong>quoque</strong></span> <span class='ocrx_word' id='word_1_163' title='bbox 643 1609 769 1687; x_wconf 90' lang='lat' dir='ltr'><strong>quadarn</strong></span> <span class='ocrx_word' id='word_1_164' title='bbox 784 1608 821 1670; x_wconf 92' lang='lat' dir='ltr'><strong>ab</strong></span> <span class='ocrx_word' id='word_1_165' title='bbox 838 1608 959 1671; x_wconf 90' lang='lat' dir='ltr'><strong>iuuenta</strong></span> <span class='ocrx_word' id='word_1_166' title='bbox 974 1609 1006 1670; x_wconf 90' lang='lat' dir='ltr'><strong>in</strong></span> <span class='ocrx_word' id='word_1_167' title='bbox 1022 1609 1257 1671; x_wconf 81' lang='lat' dir='ltr'><strong>ostentationem</strong></span> 
     </span>
    </p>

    <p class='ocr_par' dir='ltr' id='par_1_10' title="bbox 139 1692 1305 2029">
     <span class='ocr_line' id='line_1_19' title="bbox 139 1692 1257 1774; baseline 0 -19"><span class='ocrx_word' id='word_1_168' title='bbox 139 1705 155 1755; x_wconf 79' lang='grc'><strong>1</strong></span> <span class='ocrx_word' id='word_1_169' title='bbox 178 1712 278 1754; x_wconf 88' lang='lat' dir='ltr'><strong>earum</strong></span> <span class='ocrx_word' id='word_1_170' title='bbox 300 1694 496 1774; x_wconf 86' lang='lat' dir='ltr'><strong>compositus,</strong></span> <span class='ocrx_word' id='word_1_171' title='bbox 523 1694 665 1774; x_wconf 80' lang='lat' dir='ltr'><strong>pleraque</strong></span> <span class='ocrx_word' id='word_1_172' title='bbox 687 1702 758 1774; x_wconf 89' lang='lat' dir='ltr'><strong>aput</strong></span> <span class='ocrx_word' id='word_1_173' title='bbox 779 1692 998 1756; x_wconf 88' lang='lat' dir='ltr'><strong>multitudinem</strong></span> <span class='ocrx_word' id='word_1_174' title='bbox 1021 1703 1072 1755; x_wconf 90' lang='lat' dir='ltr'><strong>aut</strong></span> <span class='ocrx_word' id='word_1_175' title='bbox 1094 1712 1148 1773; x_wconf 89' lang='lat' dir='ltr'><strong>per</strong></span> <span class='ocrx_word' id='word_1_176' title='bbox 1176 1713 1257 1755; x_wconf 92' lang='lat' dir='ltr'><strong>noc-</strong></span> 
     </span>
     <span class='ocr_line' id='line_1_20' title="bbox 177 1778 1256 1859; baseline 0.001 -19"><span class='ocrx_word' id='word_1_177' title='bbox 177 1787 281 1840; x_wconf 87' lang='lat' dir='ltr'><strong>turnas</strong></span> <span class='ocrx_word' id='word_1_178' title='bbox 304 1778 382 1840; x_wconf 87' lang='lat' dir='ltr'><strong>uisas</strong></span> <span class='ocrx_word' id='word_1_179' title='bbox 402 1779 517 1858; x_wconf 89' lang='lat' dir='ltr'><strong>species</strong></span> <span class='ocrx_word' id='word_1_180' title='bbox 539 1789 590 1841; x_wconf 90' lang='lat' dir='ltr'><strong>aut</strong></span> <span class='ocrx_word' id='word_1_181' title='bbox 619 1778 701 1840; x_wconf 92' lang='lat' dir='ltr'><strong>uelut</strong></span> <span class='ocrx_word' id='word_1_182' title='bbox 723 1778 866 1841; x_wconf 89' lang='lat' dir='ltr'><strong>diuinitus</strong></span> <span class='ocrx_word' id='word_1_183' title='bbox 894 1787 993 1839; x_wconf 90' lang='lat' dir='ltr'><strong>mente</strong></span> <span class='ocrx_word' id='word_1_184' title='bbox 1015 1780 1128 1841; x_wconf 90' lang='lat' dir='ltr'><strong>monita</strong></span> <span class='ocrx_word' id='word_1_185' title='bbox 1150 1798 1256 1859; x_wconf 87' lang='lat' dir='ltr'><strong>agens,</strong></span> 
     </span>
     <span class='ocr_line' id='line_1_21' title="bbox 177 1863 1305 1945; baseline 0 -20"><span class='ocrx_word' id='word_1_186' title='bbox 177 1864 241 1925; x_wconf 91' lang='lat' dir='ltr'><strong>siue</strong></span> <span class='ocrx_word' id='word_1_187' title='bbox 263 1871 293 1924; x_wconf 93' lang='lat' dir='ltr'><strong>et</strong></span> <span class='ocrx_word' id='word_1_188' title='bbox 314 1863 376 1943; x_wconf 91' lang='lat' dir='ltr'><strong>ipse</strong></span> <span class='ocrx_word' id='word_1_189' title='bbox 397 1865 477 1944; x_wconf 89' lang='lat' dir='ltr'><strong>capti</strong></span> <span class='ocrx_word' id='word_1_190' title='bbox 499 1864 624 1944; x_wconf 91' lang='lat' dir='ltr'><strong>quadam</strong></span> <span class='ocrx_word' id='word_1_191' title='bbox 645 1864 857 1943; x_wconf 89' lang='lat' dir='ltr'><strong>superstitione</strong></span> <span class='ocrx_word' id='word_1_192' title='bbox 874 1863 965 1924; x_wconf 89' lang='lat' dir='ltr'><strong>animi</strong></span> <span class='ocrx_word' id='word_1_193' title='bbox 986 1863 1050 1925; x_wconf 91' lang='lat' dir='ltr'><strong>siue</strong></span> <span class='ocrx_word' id='word_1_194' title='bbox 1073 1874 1105 1925; x_wconf 91' lang='lat' dir='ltr'><strong>ut</strong></span> <span class='ocrx_word' id='word_1_195' title='bbox 1128 1864 1255 1945; x_wconf 89' lang='lat' dir='ltr'><strong>imperia</strong></span> <span class='ocrx_word' id='word_1_196' title='bbox 1278 1872 1305 1924; x_wconf 78' lang='grc'><strong>21</strong></span> 
     </span>
     <span class='ocr_line' id='line_1_22' title="bbox 177 1947 1255 2029; baseline 0.002 -21"><span class='ocrx_word' id='word_1_197' title='bbox 177 1947 358 2027; x_wconf 89' lang='lat' dir='ltr'><strong>consiliaque</strong></span> <span class='ocrx_word' id='word_1_198' title='bbox 381 1949 464 2011; x_wconf 91' lang='lat' dir='ltr'><strong>uelut</strong></span> <span class='ocrx_word' id='word_1_199' title='bbox 484 1958 566 2011; x_wconf 87' lang='lat' dir='ltr'><strong>sorte</strong></span> <span class='ocrx_word' id='word_1_200' title='bbox 587 1948 699 2011; x_wconf 87' lang='lat' dir='ltr'><strong>oraculi</strong></span> <span class='ocrx_word' id='word_1_201' title='bbox 715 1948 802 2011; x_wconf 91' lang='lat' dir='ltr'><strong>missa</strong></span> <span class='ocrx_word' id='word_1_202' title='bbox 822 1948 888 2010; x_wconf 91' lang='lat' dir='ltr'><strong>sine</strong></span> <span class='ocrx_word' id='word_1_203' title='bbox 903 1948 1092 2010; x_wconf 78' lang='lat' dir='ltr'><strong>cunctatione</strong></span> <span class='ocrx_word' id='word_1_204' title='bbox 1106 1967 1255 2029; x_wconf 82' lang='lat' dir='ltr'><strong>exseque-</strong></span> 
     </span>
    </p>

    <p class='ocr_par' dir='ltr' id='par_1_11' title="bbox 139 2033 1306 2372">
     <span class='ocr_line' id='line_1_23' title="bbox 139 2033 1254 2114; baseline 0.003 -21"><span class='ocrx_word' id='word_1_205' title='bbox 139 2044 155 2093; x_wconf 79' lang='lat' dir='ltr'><strong>s</strong></span> <span class='ocrx_word' id='word_1_206' title='bbox 176 2043 291 2096; x_wconf 75' lang='lat' dir='ltr'><strong>rentur·</strong></span> <span class='ocrx_word' id='word_1_207' title='bbox 327 2033 363 2093; x_wconf 92' lang='lat' dir='ltr'><strong>ad</strong></span> <span class='ocrx_word' id='word_1_208' title='bbox 385 2035 443 2096; x_wconf 92' lang='lat' dir='ltr'><strong>hoc</strong></span> <span class='ocrx_word' id='word_1_209' title='bbox 464 2034 521 2095; x_wconf 92' lang='lat' dir='ltr'><strong>iam</strong></span> <span class='ocrx_word' id='word_1_210' title='bbox 543 2035 613 2096; x_wconf 90' lang='lat' dir='ltr'><strong>inde</strong></span> <span class='ocrx_word' id='word_1_211' title='bbox 634 2034 671 2095; x_wconf 91' lang='lat' dir='ltr'><strong>ab</strong></span> <span class='ocrx_word' id='word_1_212' title='bbox 691 2033 776 2096; x_wconf 87' lang='lat' dir='ltr'><strong>initio</strong></span> <span class='ocrx_word' id='word_1_213' title='bbox 791 2051 972 2114; x_wconf 89' lang='lat' dir='ltr'><strong>praeparans</strong></span> <span class='ocrx_word' id='word_1_214' title='bbox 985 2033 1110 2109; x_wconf 90' lang='lat' dir='ltr'><strong>animos,</strong></span> <span class='ocrx_word' id='word_1_215' title='bbox 1133 2052 1168 2095; x_wconf 84' lang='lat' dir='ltr'><strong>ex</strong></span> <span class='ocrx_word' id='word_1_216' title='bbox 1192 2054 1254 2114; x_wconf 93' lang='lat' dir='ltr'><strong>quo</strong></span> 
     </span>
     <span class='ocr_line' id='line_1_24' title="bbox 179 2118 1254 2201; baseline 0.002 -21"><span class='ocrx_word' id='word_1_217' title='bbox 179 2130 278 2197; x_wconf 90' lang='lat' dir='ltr'><strong>togam</strong></span> <span class='ocrx_word' id='word_1_218' title='bbox 298 2118 415 2181; x_wconf 88' lang='lat' dir='ltr'><strong>uirilem</strong></span> <span class='ocrx_word' id='word_1_219' title='bbox 437 2119 572 2200; x_wconf 89' lang='lat' dir='ltr'><strong>sumpsit,</strong></span> <span class='ocrx_word' id='word_1_220' title='bbox 595 2119 677 2182; x_wconf 91' lang='lat' dir='ltr'><strong>nullo</strong></span> <span class='ocrx_word' id='word_1_221' title='bbox 700 2118 747 2181; x_wconf 91' lang='lat' dir='ltr'><strong>die</strong></span> <span class='ocrx_word' id='word_1_222' title='bbox 768 2120 850 2200; x_wconf 91' lang='lat' dir='ltr'><strong>prius</strong></span> <span class='ocrx_word' id='word_1_223' title='bbox 873 2118 961 2181; x_wconf 94' lang='lat' dir='ltr'><strong>ullam</strong></span> <span class='ocrx_word' id='word_1_224' title='bbox 980 2118 1128 2198; x_wconf 89' lang='lat' dir='ltr'><strong>publicam</strong></span> <span class='ocrx_word' id='word_1_225' title='bbox 1151 2119 1254 2201; x_wconf 91' lang='lat' dir='ltr'><strong>priua·</strong></span> 
     </span>
     <span class='ocr_line' id='line_1_25' title="bbox 178 2204 1252 2286; baseline 0 -20"><span class='ocrx_word' id='word_1_226' title='bbox 178 2215 297 2284; x_wconf 90' lang='lat' dir='ltr'><strong>tamque</strong></span> <span class='ocrx_word' id='word_1_227' title='bbox 318 2223 381 2267; x_wconf 92' lang='lat' dir='ltr'><strong>rem</strong></span> <span class='ocrx_word' id='word_1_228' title='bbox 403 2206 472 2286; x_wconf 91' lang='lat' dir='ltr'><strong>egit,</strong></span> <span class='ocrx_word' id='word_1_229' title='bbox 494 2223 583 2284; x_wconf 93' lang='lat' dir='ltr'><strong>quam</strong></span> <span class='ocrx_word' id='word_1_230' title='bbox 604 2205 635 2266; x_wconf 94' lang='lat' dir='ltr'><strong>in</strong></span> <span class='ocrx_word' id='word_1_231' title='bbox 652 2204 827 2286; x_wconf 88' lang='lat' dir='ltr'><strong>Capitolium</strong></span> <span class='ocrx_word' id='word_1_232' title='bbox 842 2205 899 2267; x_wconf 91' lang='lat' dir='ltr'><strong>iret</strong></span> <span class='ocrx_word' id='word_1_233' title='bbox 916 2204 1127 2284; x_wconf 86' lang='lat' dir='ltr'><strong>ingressusque</strong></span> <span class='ocrx_word' id='word_1_234' title='bbox 1149 2206 1252 2268; x_wconf 89' lang='lat' dir='ltr'><strong>aedem</strong></span> 
     </span>
     <span class='ocr_line' id='line_1_26' title="bbox 178 2287 1306 2372; baseline 0 -22"><span class='ocrx_word' id='word_1_235' title='bbox 178 2290 346 2352; x_wconf 87' lang='lat' dir='ltr'><strong>consideret</strong></span> <span class='ocrx_word' id='word_1_236' title='bbox 367 2300 398 2351; x_wconf 92' lang='lat' dir='ltr'><strong>et</strong></span> <span class='ocrx_word' id='word_1_237' title='bbox 417 2290 595 2372; x_wconf 89' lang='lat' dir='ltr'><strong>plerumque</strong></span> <span class='ocrx_word' id='word_1_238' title='bbox 616 2291 698 2351; x_wconf 91' lang='lat' dir='ltr'><strong>solus</strong></span> <span class='ocrx_word' id='word_1_239' title='bbox 725 2290 756 2351; x_wconf 95' lang='lat' dir='ltr'><strong>in</strong></span> <span class='ocrx_word' id='word_1_240' title='bbox 779 2298 893 2352; x_wconf 86' lang='lat' dir='ltr'><strong>secreto</strong></span> <span class='ocrx_word' id='word_1_241' title='bbox 919 2287 960 2350; x_wconf 91' lang='lat' dir='ltr'><strong>ibi</strong></span> <span class='ocrx_word' id='word_1_242' title='bbox 987 2298 1103 2370; x_wconf 80' lang='lat' dir='ltr'><strong>tempus</strong></span> <span class='ocrx_word' id='word_1_243' title='bbox 1130 2299 1252 2353; x_wconf 86' lang='lat' dir='ltr'><strong>tereret.</strong></span> <span class='ocrx_word' id='word_1_244' title='bbox 1277 2300 1306 2350; x_wconf 73' lang='lat'><strong>25</strong></span> 
     </span>
    </p>

    <p class='ocr_par' dir='ltr' id='par_1_12' title="bbox 139 2374 1252 2540">
     <span class='ocr_line' id='line_1_27' title="bbox 139 2374 1251 2456; baseline 0.003 -21"><span class='ocrx_word' id='word_1_245' title='bbox 139 2384 155 2435; x_wconf 86' lang='lat'><strong>6</strong></span> <span class='ocrx_word' id='word_1_246' title='bbox 176 2374 224 2436; x_wconf 91' lang='lat' dir='ltr'><strong>bic</strong></span> <span class='ocrx_word' id='word_1_247' title='bbox 245 2394 320 2450; x_wconf 92' lang='lat' dir='ltr'><strong>mos,</strong></span> <span class='ocrx_word' id='word_1_248' title='bbox 342 2393 432 2454; x_wconf 92' lang='lat' dir='ltr'><strong>quem</strong></span> <span class='ocrx_word' id='word_1_249' title='bbox 454 2394 508 2456; x_wconf 93' lang='lat' dir='ltr'><strong>per</strong></span> <span class='ocrx_word' id='word_1_250' title='bbox 530 2393 649 2437; x_wconf 92' lang='lat' dir='ltr'><strong>omnem</strong></span> <span class='ocrx_word' id='word_1_251' title='bbox 672 2375 763 2436; x_wconf 91' lang='lat' dir='ltr'><strong>uitam</strong></span> <span class='ocrx_word' id='word_1_252' title='bbox 785 2374 939 2448; x_wconf 87' lang='lat' dir='ltr'><strong>seruabat,</strong></span> <span class='ocrx_word' id='word_1_253' title='bbox 963 2393 1015 2436; x_wconf 90' lang='lat' dir='ltr'><strong>seu</strong></span> <span class='ocrx_word' id='word_1_254' title='bbox 1037 2375 1174 2438; x_wconf 91' lang='lat' dir='ltr'><strong>consulto</strong></span> <span class='ocrx_word' id='word_1_255' title='bbox 1197 2395 1251 2438; x_wconf 87' lang='lat' dir='ltr'><strong>seu</strong></span> 
     </span>
     <span class='ocr_line' id='line_1_28' title="bbox 177 2459 1252 2540; baseline 0.002 -20"><span class='ocrx_word' id='word_1_256' title='bbox 177 2471 288 2523; x_wconf 88' lang='lat' dir='ltr'><strong>temere</strong></span> <span class='ocrx_word' id='word_1_257' title='bbox 310 2460 446 2540; x_wconf 91' lang='lat' dir='ltr'><strong>uulgatae</strong></span> <span class='ocrx_word' id='word_1_258' title='bbox 468 2460 603 2540; x_wconf 91' lang='lat' dir='ltr'><strong>opinioni</strong></span> <span class='ocrx_word' id='word_1_259' title='bbox 625 2459 712 2521; x_wconf 86' lang='lat' dir='ltr'><strong>fidem</strong></span> <span class='ocrx_word' id='word_1_260' title='bbox 736 2469 809 2540; x_wconf 89' lang='lat' dir='ltr'><strong>aput</strong></span> <span class='ocrx_word' id='word_1_261' title='bbox 822 2459 964 2539; x_wconf 87' lang='lat' dir='ltr'><strong>quosdam</strong></span> <span class='ocrx_word' id='word_1_262' title='bbox 981 2460 1052 2522; x_wconf 81' lang='lat' dir='ltr'><strong>fecit</strong></span> <span class='ocrx_word' id='word_1_263' title='bbox 1065 2461 1167 2540; x_wconf 90' lang='lat' dir='ltr'><strong>stirpis</strong></span> <span class='ocrx_word' id='word_1_264' title='bbox 1182 2479 1252 2522; x_wconf 91' lang='lat' dir='ltr'><strong>eum</strong></span> 
     </span>
    </p>

    <p class='ocr_par' dir='ltr' id='par_1_13' title="bbox 140 2545 1251 2710">
     <span class='ocr_line' id='line_1_29' title="bbox 140 2545 1251 2626; baseline 0.004 -22"><span class='ocrx_word' id='word_1_265' title='bbox 140 2545 296 2607; x_wconf 86' lang='lat' dir='ltr'><strong>tdiuinae</strong></span> <span class='ocrx_word' id='word_1_266' title='bbox 319 2545 415 2606; x_wconf 92' lang='lat' dir='ltr'><strong>uirum</strong></span> <span class='ocrx_word' id='word_1_267' title='bbox 445 2565 525 2621; x_wconf 86' lang='lat' dir='ltr'><strong>esse,</strong></span> <span class='ocrx_word' id='word_1_268' title='bbox 555 2545 728 2624; x_wconf 88' lang='lat' dir='ltr'><strong>rettulitque</strong></span> <span class='ocrx_word' id='word_1_269' title='bbox 757 2546 862 2606; x_wconf 89' lang='lat' dir='ltr'><strong>lamam</strong></span> <span class='ocrx_word' id='word_1_270' title='bbox 893 2545 924 2606; x_wconf 93' lang='lat' dir='ltr'><strong>in</strong></span> <span class='ocrx_word' id='word_1_271' title='bbox 946 2545 1112 2606; x_wconf 78' lang='lat' dir='ltr'><strong>Alexandro</strong></span> <span class='ocrx_word' id='word_1_272' title='bbox 1141 2563 1251 2626; x_wconf 90' lang='lat' dir='ltr'><strong>magno</strong></span> 
     </span>
     <span class='ocr_line' id='line_1_30' title="bbox 177 2629 1250 2710; baseline 0.003 -20"><span class='ocrx_word' id='word_1_273' title='bbox 177 2630 260 2709; x_wconf 82' lang='lat' dir='ltr'><strong>prius</strong></span> <span class='ocrx_word' id='word_1_274' title='bbox 282 2630 441 2710; x_wconf 88' lang='lat' dir='ltr'><strong>uulgatam,</strong></span> <span class='ocrx_word' id='word_1_275' title='bbox 464 2639 493 2692; x_wconf 92' lang='lat' dir='ltr'><strong>et</strong></span> <span class='ocrx_word' id='word_1_276' title='bbox 515 2630 644 2693; x_wconf 80' lang='lat' dir='ltr'><strong>uanitate</strong></span> <span class='ocrx_word' id='word_1_277' title='bbox 666 2640 696 2692; x_wconf 95' lang='lat' dir='ltr'><strong>et</strong></span> <span class='ocrx_word' id='word_1_278' title='bbox 717 2629 815 2691; x_wconf 92' lang='lat' dir='ltr'><strong>labula</strong></span> <span class='ocrx_word' id='word_1_279' title='bbox 842 2648 960 2709; x_wconf 90' lang='lat' dir='ltr'><strong>parem,</strong></span> <span class='ocrx_word' id='word_1_280' title='bbox 986 2631 1091 2709; x_wconf 91' lang='lat' dir='ltr'><strong>anguis</strong></span> <span class='ocrx_word' id='word_1_281' title='bbox 1112 2630 1250 2694; x_wconf 90' lang='lat' dir='ltr'><strong>immanis</strong></span> 
     </span>
    </p>
   </div>
   <div class='ocr_carea' id='block_1_3' title="bbox 139 2714 1304 2965">
    <p class='ocr_par' dir='ltr' id='par_1_14' title="bbox 139 2714 1304 2965">
     <span class='ocr_line' id='line_1_31' title="bbox 177 2714 1304 2798; baseline 0.003 -23"><span class='ocrx_word' id='word_1_282' title='bbox 177 2714 340 2776; x_wconf 92' lang='lat' dir='ltr'><strong>concubitu</strong></span> <span class='ocrx_word' id='word_1_283' title='bbox 355 2724 543 2796; x_wconf 88' lang='lat' dir='ltr'><strong>conceptum,</strong></span> <span class='ocrx_word' id='word_1_284' title='bbox 558 2716 632 2778; x_wconf 89' lang='lat' dir='ltr'><strong>etin</strong></span> <span class='ocrx_word' id='word_1_285' title='bbox 651 2714 788 2777; x_wconf 90' lang='lat' dir='ltr'><strong>cubiculo</strong></span> <span class='ocrx_word' id='word_1_286' title='bbox 803 2715 905 2777; x_wconf 86' lang='lat' dir='ltr'><strong>matris</strong></span> <span class='ocrx_word' id='word_1_287' title='bbox 921 2714 985 2777; x_wconf 89' lang='lat' dir='ltr'><strong>eius</strong></span> <span class='ocrx_word' id='word_1_288' title='bbox 999 2715 1092 2777; x_wconf 89' lang='lat' dir='ltr'><strong>uisam</strong></span> <span class='ocrx_word' id='word_1_289' title='bbox 1107 2733 1251 2798; x_wconf 89' lang='lat' dir='ltr'><strong>persaepe</strong></span> <span class='ocrx_word' id='word_1_290' title='bbox 1272 2725 1304 2777; x_wconf 79' lang='grc'><strong>111</strong></span> 
     </span>
     <span class='ocr_line' id='line_1_32' title="bbox 178 2799 1250 2881; baseline 0.003 -20"><span class='ocrx_word' id='word_1_291' title='bbox 178 2799 294 2879; x_wconf 90' lang='lat' dir='ltr'><strong>prodigi</strong></span> <span class='ocrx_word' id='word_1_292' title='bbox 316 2799 380 2862; x_wconf 93' lang='lat' dir='ltr'><strong>eius</strong></span> <span class='ocrx_word' id='word_1_293' title='bbox 400 2800 529 2880; x_wconf 89' lang='lat' dir='ltr'><strong>speciem</strong></span> <span class='ocrx_word' id='word_1_294' title='bbox 546 2801 779 2880; x_wconf 89' lang='lat' dir='ltr'><strong>interuentuque</strong></span> <span class='ocrx_word' id='word_1_295' title='bbox 793 2801 946 2862; x_wconf 91' lang='lat' dir='ltr'><strong>bominum</strong></span> <span class='ocrx_word' id='word_1_296' title='bbox 963 2800 1110 2861; x_wconf 83' lang='lat' dir='ltr'><strong>euolutam</strong></span> <span class='ocrx_word' id='word_1_297' title='bbox 1125 2812 1250 2881; x_wconf 88' lang='lat' dir='ltr'><strong>repente</strong></span> 
     </span>
     <span class='ocr_line' id='line_1_33' title="bbox 139 2885 1250 2965; baseline 0.005 -21"><span class='ocrx_word' id='word_1_298' title='bbox 139 2893 155 2945; x_wconf 84' lang='lat'>8</span> <span class='ocrx_word' id='word_1_299' title='bbox 177 2893 266 2963; x_wconf 89' lang='lat' dir='ltr'><strong>atque</strong></span> <span class='ocrx_word' id='word_1_300' title='bbox 282 2903 318 2945; x_wconf 86' lang='lat' dir='ltr'><strong>ex</strong></span> <span class='ocrx_word' id='word_1_301' title='bbox 333 2885 428 2947; x_wconf 90' lang='lat' dir='ltr'><strong>oculis</strong></span> <span class='ocrx_word' id='word_1_302' title='bbox 442 2885 578 2965; x_wconf 90' lang='lat' dir='ltr'><strong>elapsam.</strong></span> <span class='ocrx_word' id='word_1_303' title='bbox 616 2885 662 2948; x_wconf 91' lang='lat' dir='ltr'><strong>bis</strong></span> <span class='ocrx_word' id='word_1_304' title='bbox 679 2885 829 2948; x_wconf 86' lang='lat' dir='ltr'><strong>miraculis</strong></span> <span class='ocrx_word' id='word_1_305' title='bbox 845 2904 1007 2965; x_wconf 88' lang='lat' dir='ltr'><strong>numquam</strong></span> <span class='ocrx_word' id='word_1_306' title='bbox 1022 2886 1059 2948; x_wconf 93' lang='lat' dir='ltr'><strong>ab</strong></span> <span class='ocrx_word' id='word_1_307' title='bbox 1081 2885 1146 2965; x_wconf 90' lang='lat' dir='ltr'><strong>ipso</strong></span> <span class='ocrx_word' id='word_1_308' title='bbox 1169 2887 1250 2949; x_wconf 86' lang='lat' dir='ltr'><strong>elusa</strong></span> 
     </span>
    </p>
   </div>
   <div class='ocr_carea' id='block_1_4' title="bbox 176 3067 1362 3817">
    <p class='ocr_par' dir='ltr' id='par_1_15' title="bbox 176 3067 1362 3817">
     <span class='ocr_line' id='line_1_34' title="bbox 245 3067 1251 3136; baseline 0 -14"><span class='ocrx_word' id='word_1_309' title='bbox 245 3072 261 3122; x_wconf 97' lang='grc'>2</span> <span class='ocrx_word' id='word_1_310' title='bbox 279 3068 330 3121; x_wconf 87' lang='lat' dir='ltr'><strong>etia</strong></span> <span class='ocrx_word' id='word_1_311' title='bbox 349 3067 420 3136; x_wconf 82' lang='grc' dir='ltr'><strong>ΡΙ1</strong></span> <span class='ocrx_word' id='word_1_312' title='bbox 437 3068 548 3135; x_wconf 89' lang='lat' dir='ltr'><strong>impetus</strong></span> <span class='ocrx_word' id='word_1_313' title='bbox 565 3085 620 3120; x_wconf 81' lang='lat' dir='ltr'><strong>rae.</strong></span> <span class='ocrx_word' id='word_1_314' title='bbox 644 3085 679 3119; x_wconf 69' lang='lat' dir='ltr'><strong>ere</strong></span> <span class='ocrx_word' id='word_1_315' title='bbox 697 3069 806 3134; x_wconf 86' lang='lat' dir='ltr'><strong>imperat</strong></span> <span class='ocrx_word' id='word_1_316' title='bbox 822 3070 933 3136; x_wconf 86' lang='lat' dir='ltr'><strong>impetus</strong></span> <span class='ocrx_word' id='word_1_317' title='bbox 950 3069 1021 3135; x_wconf 84' lang='grc' dir='ltr'><strong>Ρ16</strong></span> <span class='ocrx_word' id='word_1_318' title='bbox 1039 3083 1123 3122; x_wconf 87' lang='lat' dir='ltr'><strong>nonne</strong></span> <span class='ocrx_word' id='word_1_319' title='bbox 1139 3069 1251 3136; x_wconf 81' lang='lat' dir='ltr'><strong>llcdctg</strong></span> 
     </span>
     <span class='ocr_line' id='line_1_35' title="bbox 177 3133 1362 3206; baseline 0.003 -18"><span class='ocrx_word' id='word_1_320' title='bbox 177 3137 239 3189; x_wconf 92' lang='lat' dir='ltr'><strong>noui</strong></span> <span class='ocrx_word' id='word_1_321' title='bbox 257 3137 280 3188; x_wconf 84' lang='lat' dir='ltr'><em>P</em></span> <span class='ocrx_word' id='word_1_322' title='bbox 300 3152 361 3189; x_wconf 87' lang='lat' dir='ltr'><strong>uum</strong></span> <span class='ocrx_word' id='word_1_323' title='bbox 378 3140 397 3201; x_wconf 89' lang='grc' dir='ltr'><strong><em>ς</em></strong></span> <span class='ocrx_word' id='word_1_324' title='bbox 417 3136 497 3188; x_wconf 84' lang='lat' dir='ltr'><strong>Grcn.</strong></span> <span class='ocrx_word' id='word_1_325' title='bbox 511 3133 547 3204; x_wconf 75' lang='lat' dir='ltr'><strong>ll</strong></span> <span class='ocrx_word' id='word_1_326' title='bbox 567 3136 699 3203; x_wconf 71' lang='lat' dir='ltr'><strong>psallebat</strong></span> <span class='ocrx_word' id='word_1_327' title='bbox 716 3136 787 3203; x_wconf 72' lang='grc' dir='ltr'><strong>Ρ19</strong></span> <span class='ocrx_word' id='word_1_328' title='bbox 805 3136 939 3204; x_wconf 82' lang='lat' dir='ltr'><strong>sepulchra</strong></span> <span class='ocrx_word' id='word_1_329' title='bbox 957 3135 1001 3204; x_wconf 89' lang='grc' dir='ltr'><strong>ΡΙ</strong></span> <span class='ocrx_word' id='word_1_330' title='bbox 1014 3140 1045 3189; x_wconf 88' lang='lat'><strong>10</strong></span> <span class='ocrx_word' id='word_1_331' title='bbox 1063 3141 1177 3204; x_wconf 59' lang='lat' dir='ltr'><strong>quamq</strong></span> <span class='ocrx_word' id='word_1_332' title='bbox 1198 3153 1248 3206; x_wconf 86' lang='lat' dir='ltr'><strong>qna</strong></span> <span class='ocrx_word' id='word_1_333' title='bbox 1361 3165 1362 3174; x_wconf 58' lang='lat'><strong>,</strong></span> 
     </span>
     <span class='ocr_line' id='line_1_36' title="bbox 176 3203 1362 3274; baseline -0.001 -17"><span class='ocrx_word' id='word_1_334' title='bbox 176 3222 231 3258; x_wconf 79' lang='lat' dir='ltr'><strong>rae.</strong></span> <span class='ocrx_word' id='word_1_335' title='bbox 255 3223 290 3257; x_wconf 78' lang='lat' dir='ltr'><strong>en·</strong></span> <span class='ocrx_word' id='word_1_336' title='bbox 314 3205 391 3273; x_wconf 87' lang='lat' dir='ltr'><strong>quaui</strong></span> <span class='ocrx_word' id='word_1_337' title='bbox 414 3207 437 3256; x_wconf 83' lang='lat' dir='ltr'><em>P</em></span> <span class='ocrx_word' id='word_1_338' title='bbox 452 3203 558 3272; x_wconf 77' lang='lat' dir='ltr'><strong>laetam</strong></span> <span class='ocrx_word' id='word_1_339' title='bbox 576 3205 618 3270; x_wconf 77' lang='lat' dir='ltr'><strong>Pl</strong></span> <span class='ocrx_word' id='word_1_340' title='bbox 633 3207 661 3258; x_wconf 92' lang='lat' dir='ltr'><strong>ll</strong></span> <span class='ocrx_word' id='word_1_341' title='bbox 688 3204 910 3258; x_wconf 86' lang='lat' dir='ltr'><strong>animamaduertit</strong></span> <span class='ocrx_word' id='word_1_342' title='bbox 932 3206 956 3256; x_wconf 85' lang='lat' dir='ltr'><em>P</em></span> <span class='ocrx_word' id='word_1_343' title='bbox 973 3205 1084 3256; x_wconf 88' lang='lat' dir='ltr'><strong>animum</strong></span> <span class='ocrx_word' id='word_1_344' title='bbox 1102 3204 1213 3258; x_wconf 82' lang='lat' dir='ltr'><strong>aduertit</strong></span> <span class='ocrx_word' id='word_1_345' title='bbox 1230 3213 1250 3272; x_wconf 88' lang='grc' dir='ltr'><strong><em>ς</em></strong></span> <span class='ocrx_word' id='word_1_346' title='bbox 1361 3250 1362 3274; x_wconf 67' lang='lat'><strong>,</strong></span> 
     </span>
     <span class='ocr_line' id='line_1_37' title="bbox 176 3271 1362 3338; baseline -0.005 -12"><span class='ocrx_word' id='word_1_347' title='bbox 176 3275 233 3328; x_wconf 73' lang='lat' dir='ltr'><strong>lae.</strong></span> <span class='ocrx_word' id='word_1_348' title='bbox 244 3273 344 3338; x_wconf 71' lang='lat' dir='ltr'><strong>dromi</strong></span> <span class='ocrx_word' id='word_1_349' title='bbox 355 3276 387 3326; x_wconf 73' lang='lat'><strong>14</strong></span> <span class='ocrx_word' id='word_1_350' title='bbox 395 3277 422 3325; x_wconf 87' lang='lat' dir='ltr'><strong>et</strong></span> <span class='ocrx_word' id='word_1_351' title='bbox 434 3276 461 3338; x_wconf 86' lang='grc' dir='ltr'><strong>ς,</strong></span> <span class='ocrx_word' id='word_1_352' title='bbox 474 3287 524 3324; x_wconf 80' lang='lat' dir='ltr'><strong>orn</strong></span> <span class='ocrx_word' id='word_1_353' title='bbox 534 3271 573 3338; x_wconf 77' lang='lat' dir='ltr'><strong>Pl</strong></span> <span class='ocrx_word' id='word_1_354' title='bbox 584 3275 615 3326; x_wconf 83' lang='lat' dir='ltr'><strong>lb</strong></span> <span class='ocrx_word' id='word_1_355' title='bbox 628 3280 655 3325; x_wconf 91' lang='lat' dir='ltr'><strong>et</strong></span> <span class='ocrx_word' id='word_1_356' title='bbox 666 3277 770 3324; x_wconf 76' lang='lat' dir='ltr'><strong>conieci</strong></span> <span class='ocrx_word' id='word_1_357' title='bbox 781 3288 813 3325; x_wconf 88' lang='lat' dir='ltr'><strong>ex</strong></span> <span class='ocrx_word' id='word_1_358' title='bbox 825 3274 862 3336; x_wconf 74' lang='lat' dir='ltr'><strong>Pl</strong></span> <span class='ocrx_word' id='word_1_359' title='bbox 874 3274 904 3325; x_wconf 85' lang='grc'><strong>16</strong></span> <span class='ocrx_word' id='word_1_360' title='bbox 917 3272 1035 3325; x_wconf 86' lang='lat' dir='ltr'><strong>abiecere</strong></span> <span class='ocrx_word' id='word_1_361' title='bbox 1046 3274 1084 3336; x_wconf 93' lang='grc' dir='ltr'><strong>ΡΙΙ</strong></span> <span class='ocrx_word' id='word_1_362' title='bbox 1095 3277 1125 3326; x_wconf 84' lang='lat' dir='ltr'><strong>tt</strong></span> <span class='ocrx_word' id='word_1_363' title='bbox 1139 3273 1248 3326; x_wconf 85' lang='lat' dir='ltr'><strong>mirabili</strong></span> <span class='ocrx_word' id='word_1_364' title='bbox 1361 3303 1362 3320; x_wconf 46' lang='lat' dir='ltr'><strong>t</strong></span> 
     </span>
     <span class='ocr_line' id='line_1_38' title="bbox 177 3333 1362 3408; baseline 0.002 -16"><span class='ocrx_word' id='word_1_365' title='bbox 177 3341 217 3405; x_wconf 77' lang='lat'><strong>1³¹,</strong></span> <span class='ocrx_word' id='word_1_366' title='bbox 235 3357 306 3394; x_wconf 80' lang='lat' dir='ltr'><strong>corr.</strong></span> <span class='ocrx_word' id='word_1_367' title='bbox 325 3340 380 3407; x_wconf 68' lang='grc' dir='ltr'><strong>ΡΙ</strong></span> <span class='ocrx_word' id='word_1_368' title='bbox 395 3343 426 3395; x_wconf 85' lang='grc'><strong>18</strong></span> <span class='ocrx_word' id='word_1_369' title='bbox 444 3346 488 3393; x_wconf 87' lang='lat' dir='ltr'><strong>ant</strong></span> <span class='ocrx_word' id='word_1_370' title='bbox 506 3342 529 3393; x_wconf 84' lang='lat' dir='ltr'>P</span> <span class='ocrx_word' id='word_1_371' title='bbox 544 3347 573 3392; x_wconf 91' lang='lat' dir='ltr'><strong>ut</strong></span> <span class='ocrx_word' id='word_1_372' title='bbox 589 3341 630 3393; x_wconf 85' lang='lat' dir='ltr'><strong>ed.</strong></span> <span class='ocrx_word' id='word_1_373' title='bbox 651 3340 724 3406; x_wconf 86' lang='lat' dir='ltr'><strong>llog.</strong></span> <span class='ocrx_word' id='word_1_374' title='bbox 740 3345 786 3392; x_wconf 88' lang='lat' dir='ltr'><strong>aut</strong></span> <span class='ocrx_word' id='word_1_375' title='bbox 803 3341 910 3393; x_wconf 83' lang='lat' dir='ltr'><strong>utduce</strong></span> <span class='ocrx_word' id='word_1_376' title='bbox 921 3340 1032 3392; x_wconf 78' lang='lat' dir='ltr'><strong>Duker-o</strong></span> <span class='ocrx_word' id='word_1_377' title='bbox 1043 3339 1248 3408; x_wconf 70' lang='lat' dir='ltr'><strong>Weissenborn!</strong></span> <span class='ocrx_word' id='word_1_378' title='bbox 1361 3333 1362 3358; x_wconf 64' lang='lat'><strong>³</strong></span> 
     </span>
     <span class='ocr_line' id='line_1_39' title="bbox 179 3407 747 3528; baseline -0.002 -67"><span class='ocrx_word' id='word_1_379' title='bbox 179 3412 210 3463; x_wconf 79' lang='grc'><strong>19</strong></span> <span class='ocrx_word' id='word_1_380' title='bbox 228 3410 297 3462; x_wconf 85' lang='lat' dir='ltr'><strong>uisas</strong></span> <span class='ocrx_word' id='word_1_381' title='bbox 318 3410 407 3461; x_wconf 79' lang='lat' dir='ltr'><strong>Fabri</strong></span> <span class='ocrx_word' id='word_1_382' title='bbox 428 3409 482 3462; x_wconf 86' lang='lat' dir='ltr'><strong>uisa</strong></span> <span class='ocrx_word' id='word_1_383' title='bbox 502 3407 673 3475; x_wconf 79' lang='lat' dir='ltr'><strong>leentem</strong></span> <span class='ocrx_word' id='word_1_384' title='bbox 692 3408 747 3528; x_wconf 50' lang='grc' dir='ltr'><strong>ΡὶἼ</strong></span> 
     </span>
     <span class='ocr_line' id='line_1_40' title="bbox 177 3476 1362 3545; baseline 0.002 -16"><span class='ocrx_word' id='word_1_385' title='bbox 177 3478 275 3529; x_wconf 86' lang='lat' dir='ltr'><strong>tatione</strong></span> <span class='ocrx_word' id='word_1_386' title='bbox 291 3478 332 3541; x_wconf 76' lang='lat'><strong>1²¹,</strong></span> <span class='ocrx_word' id='word_1_387' title='bbox 350 3494 420 3529; x_wconf 82' lang='lat' dir='ltr'><strong>corr.</strong></span> <span class='ocrx_word' id='word_1_388' title='bbox 438 3477 472 3528; x_wconf 68' lang='grc' dir='ltr'><strong>Ρ*</strong></span> <span class='ocrx_word' id='word_1_389' title='bbox 483 3477 494 3543; x_wconf 89' lang='grc' dir='ltr'>Ι</span> <span class='ocrx_word' id='word_1_390' title='bbox 506 3482 706 3545; x_wconf 84' lang='lat' dir='ltr'><strong>exsequerentur</strong></span> <span class='ocrx_word' id='word_1_391' title='bbox 747 3493 806 3529; x_wconf 80' lang='lat' dir='ltr'><strong>con.</strong></span> <span class='ocrx_word' id='word_1_392' title='bbox 825 3483 1022 3544; x_wconf 84' lang='lat' dir='ltr'><strong>assequerentur</strong></span> <span class='ocrx_word' id='word_1_393' title='bbox 1039 3476 1080 3543; x_wconf 79' lang='lat' dir='ltr'><strong>Pl</strong></span> <span class='ocrx_word' id='word_1_394' title='bbox 1093 3478 1128 3529; x_wconf 88' lang='grc'><strong>22</strong></span> <span class='ocrx_word' id='word_1_395' title='bbox 1145 3493 1198 3544; x_wconf 91' lang='lat' dir='ltr'><strong>quo</strong></span> <span class='ocrx_word' id='word_1_396' title='bbox 1214 3495 1250 3531; x_wconf 72' lang='lat' dir='ltr'><strong>en·</strong></span> <span class='ocrx_word' id='word_1_397' title='bbox 1361 3501 1362 3516; x_wconf 51' lang='grc'><strong>1</strong></span> 
     </span>
     <span class='ocr_line' id='line_1_41' title="bbox 177 3542 1249 3613; baseline 0.004 -17"><span class='ocrx_word' id='word_1_398' title='bbox 177 3559 245 3612; x_wconf 88' lang='lat' dir='ltr'><strong>quau</strong></span> <span class='ocrx_word' id='word_1_399' title='bbox 263 3544 295 3595; x_wconf 72' lang='lat'><strong>1²¹</strong></span> <span class='ocrx_word' id='word_1_400' title='bbox 307 3544 317 3612; x_wconf 87' lang='grc' dir='ltr'>Ι</span> <span class='ocrx_word' id='word_1_401' title='bbox 331 3548 364 3599; x_wconf 80' lang='grc'><strong>24</strong></span> <span class='ocrx_word' id='word_1_402' title='bbox 382 3544 484 3611; x_wconf 84' lang='lat' dir='ltr'><strong>remigit</strong></span> <span class='ocrx_word' id='word_1_403' title='bbox 501 3545 543 3611; x_wconf 76' lang='grc' dir='ltr'><strong>ΡΙ</strong></span> <span class='ocrx_word' id='word_1_404' title='bbox 556 3544 644 3597; x_wconf 87' lang='lat' dir='ltr'><strong>aedem</strong></span> <span class='ocrx_word' id='word_1_405' title='bbox 661 3542 763 3613; x_wconf 85' lang='lat' dir='ltr'><strong>(iouis)</strong></span> <span class='ocrx_word' id='word_1_406' title='bbox 781 3546 902 3596; x_wconf 75' lang='lat' dir='ltr'><strong>conicere</strong></span> <span class='ocrx_word' id='word_1_407' title='bbox 913 3545 1024 3595; x_wconf 74' lang='lat' dir='ltr'><strong>uidetw</strong></span> <span class='ocrx_word' id='word_1_408' title='bbox 1035 3543 1129 3596; x_wconf 60' lang='lat' dir='ltr'><strong>unte</strong></span> <span class='ocrx_word' id='word_1_409' title='bbox 1141 3545 1151 3611; x_wconf 81' lang='lat' dir='ltr'><strong>l</strong></span> <span class='ocrx_word' id='word_1_410' title='bbox 1164 3548 1197 3599; x_wconf 78' lang='lat'><strong>2⁵</strong></span> <span class='ocrx_word' id='word_1_411' title='bbox 1209 3561 1249 3600; x_wconf 85' lang='lat' dir='ltr'><strong>se·</strong></span> 
     </span>
     <span class='ocr_line' id='line_1_42' title="bbox 178 3611 1362 3679; baseline 0.003 -15"><span class='ocrx_word' id='word_1_412' title='bbox 178 3617 249 3664; x_wconf 90' lang='lat' dir='ltr'><strong>cretu</strong></span> <span class='ocrx_word' id='word_1_413' title='bbox 266 3613 308 3677; x_wconf 90' lang='grc' dir='ltr'><strong>ΡΙ</strong></span> <span class='ocrx_word' id='word_1_414' title='bbox 322 3615 354 3664; x_wconf 89' lang='grc'><strong>26</strong></span> <span class='ocrx_word' id='word_1_415' title='bbox 373 3628 448 3678; x_wconf 88' lang='lat' dir='ltr'><strong>quem</strong></span> <span class='ocrx_word' id='word_1_416' title='bbox 470 3611 665 3675; x_wconf 70' lang='lat' dir='ltr'><strong>Weissenborn,</strong></span> <span class='ocrx_word' id='word_1_417' title='bbox 683 3627 734 3666; x_wconf 85' lang='lat' dir='ltr'><strong>om.</strong></span> <span class='ocrx_word' id='word_1_418' title='bbox 753 3613 776 3664; x_wconf 84' lang='lat' dir='ltr'><em>P</em></span> <span class='ocrx_word' id='word_1_419' title='bbox 792 3613 964 3678; x_wconf 72' lang='lat' dir='ltr'><strong>§lucrantur</strong></span> <span class='ocrx_word' id='word_1_420' title='bbox 979 3612 1021 3679; x_wconf 83' lang='grc' dir='ltr'><strong>ςΙΙ</strong></span> <span class='ocrx_word' id='word_1_421' title='bbox 1035 3613 1066 3664; x_wconf 81' lang='grc'><strong>21</strong></span> <span class='ocrx_word' id='word_1_422' title='bbox 1079 3611 1142 3665; x_wconf 87' lang='lat' dir='ltr'><strong>lecit</strong></span> <span class='ocrx_word' id='word_1_423' title='bbox 1155 3619 1175 3674; x_wconf 87' lang='grc' dir='ltr'><strong><em>ς</em></strong></span> <span class='ocrx_word' id='word_1_424' title='bbox 1188 3613 1249 3667; x_wconf 87' lang='lat' dir='ltr'><strong>lecit</strong></span> <span class='ocrx_word' id='word_1_425' title='bbox 1361 3623 1362 3658; x_wconf 77' lang='grc'><strong>1</strong></span> 
     </span>
     <span class='ocr_line' id='line_1_43' title="bbox 178 3678 1248 3750; baseline 0.004 -19"><span class='ocrx_word' id='word_1_426' title='bbox 178 3689 207 3731; x_wconf 87' lang='lat' dir='ltr'><strong>ut</strong></span> <span class='ocrx_word' id='word_1_427' title='bbox 224 3682 257 3744; x_wconf 84' lang='grc' dir='ltr'><strong>Ρ,</strong></span> <span class='ocrx_word' id='word_1_428' title='bbox 279 3681 351 3731; x_wconf 83' lang='lat' dir='ltr'><strong>unde</strong></span> <span class='ocrx_word' id='word_1_429' title='bbox 367 3679 518 3742; x_wconf 70' lang='lat' dir='ltr'><strong>Alschefski</strong></span> <span class='ocrx_word' id='word_1_430' title='bbox 540 3696 605 3732; x_wconf 74' lang='lat' dir='ltr'><strong>mcc</strong></span> <span class='ocrx_word' id='word_1_431' title='bbox 625 3681 795 3732; x_wconf 74' lang='lat' dir='ltr'><strong>scribendum</strong></span> <span class='ocrx_word' id='word_1_432' title='bbox 818 3684 887 3732; x_wconf 81' lang='lat' dir='ltr'><strong>coni.</strong></span> <span class='ocrx_word' id='word_1_433' title='bbox 906 3680 988 3732; x_wconf 89' lang='lat' dir='ltr'><strong>uirum</strong></span> <span class='ocrx_word' id='word_1_434' title='bbox 1006 3695 1063 3732; x_wconf 84' lang='lat' dir='ltr'><strong>esse</strong></span> <span class='ocrx_word' id='word_1_435' title='bbox 1080 3678 1248 3750; x_wconf 82' lang='lat' dir='ltr'><strong>(crederent)</strong></span> 
     </span>
     <span class='ocr_line' id='line_1_44' title="bbox 178 3747 1114 3817; baseline 0.005 -20"><span class='ocrx_word' id='word_1_436' title='bbox 178 3747 224 3798; x_wconf 84' lang='lat' dir='ltr'><strong>uel</strong></span> <span class='ocrx_word' id='word_1_437' title='bbox 239 3747 322 3799; x_wconf 89' lang='lat' dir='ltr'><strong>uimm</strong></span> <span class='ocrx_word' id='word_1_438' title='bbox 340 3754 473 3800; x_wconf 82' lang='lat' dir='ltr'><strong>censerent</strong></span> <span class='ocrx_word' id='word_1_439' title='bbox 485 3750 495 3813; x_wconf 85' lang='grc' dir='ltr'>Ι</span> <span class='ocrx_word' id='word_1_440' title='bbox 508 3752 538 3802; x_wconf 84' lang='lat' dir='ltr'><strong>at</strong></span> <span class='ocrx_word' id='word_1_441' title='bbox 559 3747 668 3817; x_wconf 88' lang='lat' dir='ltr'><strong>prodigii</strong></span> <span class='ocrx_word' id='word_1_442' title='bbox 685 3749 720 3800; x_wconf 72' lang='lat'><strong>1²¹</strong></span> <span class='ocrx_word' id='word_1_443' title='bbox 733 3747 743 3817; x_wconf 74' lang='grc'><strong>1</strong></span> <span class='ocrx_word' id='word_1_444' title='bbox 755 3750 788 3802; x_wconf 83' lang='grc'><strong>32</strong></span> <span class='ocrx_word' id='word_1_445' title='bbox 806 3748 881 3800; x_wconf 88' lang='lat' dir='ltr'><strong>buius</strong></span> <span class='ocrx_word' id='word_1_446' title='bbox 898 3747 1012 3801; x_wconf 84' lang='lat' dir='ltr'><strong>miraculi</strong></span> <span class='ocrx_word' id='word_1_447' title='bbox 1032 3747 1114 3802; x_wconf 79' lang='lat' dir='ltr'><strong>Gron.</strong></span> 
     </span>
    </p>
   </div>
   <div class='ocr_carea' id='block_1_5' title="bbox 752 3407 1250 3476">
    <p class='ocr_par' dir='ltr' id='par_1_16' title="bbox 752 3407 1362 3482">
     <span class='ocr_line' id='line_1_45' title="bbox 752 3407 1250 3476; baseline 0.008 -16"><span class='ocrx_word' id='word_1_448' title='bbox 752 3410 782 3460; x_wconf 82' lang='lat'><strong>21</strong></span> <span class='ocrx_word' id='word_1_449' title='bbox 803 3409 858 3461; x_wconf 90' lang='lat' dir='ltr'><strong>sine</strong></span> <span class='ocrx_word' id='word_1_450' title='bbox 875 3424 928 3460; x_wconf 77' lang='lat' dir='ltr'><strong>ree.</strong></span> <span class='ocrx_word' id='word_1_451' title='bbox 952 3425 987 3460; x_wconf 72' lang='lat' dir='ltr'><strong>ec</strong></span> <span class='ocrx_word' id='word_1_452' title='bbox 1008 3407 1076 3460; x_wconf 90' lang='lat' dir='ltr'><strong>sitne</strong></span> <span class='ocrx_word' id='word_1_453' title='bbox 1094 3408 1250 3476; x_wconf 79' lang='lat' dir='ltr'><strong>Plcuncti-</strong></span> 
     </span>
    </p>
   </div>
   <div class='ocr_carea' id='block_1_6' title="bbox 0 0 1373 4250">
    <p class='ocr_par' dir='ltr' id='par_1_17' title="bbox 0 0 1373 4250">
     <span class='ocr_line' id='line_1_46' title="bbox 0 0 1373 4250; baseline 0 0"><span class='ocrx_word' id='word_1_454' title='bbox 0 0 1373 4250; x_wconf 95' lang='lat' dir='ltr'><strong> </strong></span> 
     </span>
    </p>
   </div>
  </div>
 </body>
</html>
