2734 4250
186 132 249 192 184
555 132 650 186 UBEH
666 132 776 200 xxvut,
795 135 835 188 ta.
855 137 887 187 43
1113 161 1134 196 ι,
1148 162 1173 196 ῃ,
1188 162 1209 196 e.
1222 153 1259 196 sm

133 318 162 370 lt
184 325 221 368 eo
249 306 363 367 trabas:
393 305 457 367 siue
486 306 577 385 igitur
597 305 645 366 bic
667 306 732 367 siue
754 305 829 378 iHic,
858 321 927 366 cum
946 303 1113 367 Hannibale
1141 307 1261 369 esttibi

184 393 282 454 lutura
311 390 368 452 res.
403 398 504 451 utrum
532 390 652 452 tandem
674 407 745 469 ergo
774 391 889 452 firmior
910 390 968 450 eris
996 390 1026 452 in
1050 391 1147 452 Alrica
1170 392 1261 465 solus,

184 496 222 539 an
250 476 297 538 bic
319 485 371 537 tuo
393 475 594 554 conlegaeque
616 475 658 537 tui
681 475 813 537 exercitu
838 473 1024 536 coniuncto?
1061 495 1099 538 ne
1123 475 1263 539 Claudius

185 561 302 641 quidem
330 569 359 622 et
380 559 482 622 Liuius
504 560 642 622 consules
663 569 724 620 tam
746 561 858 622 recenti
880 559 1033 639 exemplo,
1062 569 1210 640 quantum
1233 563 1262 624 id

133 657 162 710 ts
184 646 309 719 intersit,
331 646 511 706 documento
533 643 625 706 suntl
660 642 755 723 quid?
791 644 988 707 Hannibalem
1012 655 1110 708 utrum
1141 646 1304 708 tandemt

185 739 335 794 extremus
356 730 484 809 angulus
506 729 569 809 agri
590 729 713 801 Bruttii,
743 730 851 790 lrustrs
873 729 930 790 iam
953 729 1004 790 diu
1026 739 1201 810 poscentem
1223 730 1262 792 ab

185 818 274 878 domo
303 815 425 889 auxilia,
457 832 496 875 sn
524 813 692 895 propinqua
722 814 867 892 Carthago
899 823 929 876 et
960 823 1021 876 tota
1054 815 1134 876 socie
1163 816 1264 878 Allien

134 901 383 982 opulentiorem
412 899 502 961 armis
523 899 655 977 uirisque
677 897 786 962 laciet‘l
823 899 903 978 quod
925 899 1001 960 istud
1025 899 1182 961 consilium
1206 911 1263 974 cst,

184 985 225 1048 ibi
246 985 333 1048 malle
354 985 526 1058 decernere,
549 983 599 1045 ubi
617 991 685 1045 tuse
706 983 827 1045 dimidio
850 984 981 1046 minores
994 984 1097 1064 copiae
1112 985 1183 1058 sint,
1205 985 1264 1046 bo-

184 1071 274 1133 stium
296 1070 388 1132 multo
411 1070 552 1142 maiores,
582 1086 670 1148 quam
698 1068 751 1130 ubi
773 1068 890 1130 duobus
911 1068 1090 1131 exercitibus
1118 1069 1266 1132 aduersus
1291 1077 1320 1130 tu

184 1174 279 1218 unum
306 1164 350 1216 tot
377 1154 498 1234 proeliis
526 1163 556 1214 et
582 1164 642 1214 tarn
675 1153 815 1216 diuturna
848 1163 878 1214 et
908 1155 993 1232 graui
1019 1154 1121 1216 militis
1149 1155 1263 1216 lasum

184 1240 378 1322 pugnandum
407 1236 467 1300 sitl
510 1256 597 1317 quam
618 1255 742 1318 comper
768 1238 924 1300 consilium
951 1249 1034 1300 tuum
1057 1239 1190 1319 parentis
1219 1241 1263 1302 tui

134 1336 164 1387 20
184 1326 309 1389 consilio
337 1325 388 1398 sit,
416 1331 532 1404 reputa.
576 1322 625 1385 ille
654 1323 762 1385 consul
783 1323 935 1403 proiectus
957 1323 988 1385 in
1011 1323 1198 1404 Hispaniam,
1228 1333 1264 1386 ut

184 1409 342 1472 Hannibali
370 1408 407 1469 ab
435 1407 560 1489 Alpibus
587 1408 780 1470 descendenti
809 1416 996 1482 occurreret,
1025 1408 1055 1470 in
1083 1409 1194 1470 ltaliam
1225 1427 1264 1470 ex

184 1496 339 1574 prouincia
367 1494 469 1555 rediitz
498 1502 546 1564 tu,
576 1511 644 1554 cum
666 1491 815 1554 Hannibal
844 1492 874 1554 in
897 1491 978 1553 ltalia
1007 1494 1059 1566 sit,
1089 1494 1263 1573 relinquere
1291 1503 1319 1556 ιε

132 1589 162 1641 21
184 1579 295 1642 ltaliam
324 1596 425 1658 paras,
454 1597 516 1638 non
543 1577 611 1656 quia
640 1578 683 1638 rei
706 1577 843 1658 publicae
865 1577 895 1638 id
917 1577 1003 1650 utile,
1033 1578 1085 1640 sed
1114 1579 1181 1658 quis
1204 1578 1262 1640 tibi

184 1665 314 1744 amplum
330 1671 360 1722 et
372 1662 535 1741 gloriosum
550 1679 655 1724 censes
669 1681 743 1736 esse,
766 1661 844 1724 sicut
858 1679 926 1723 cum
945 1662 1100 1742 prouincia
1121 1671 1152 1724 et
1173 1681 1263 1724 exer·

184 1748 246 1810 citu
274 1747 375 1809 relicto
404 1747 469 1808 siue
497 1747 562 1826 lege
589 1747 654 1809 sine
681 1756 801 1809 senatus
830 1747 968 1808 consulto
996 1746 1112 1809 dusbus
1133 1747 1265 1810 nauibus

184 1831 287 1912 populi
313 1831 439 1902 Romani
467 1831 628 1912 imperator
660 1833 808 1894 fortunam
844 1829 991 1910 publicam
1021 1841 1050 1892 et
1077 1833 1263 1894 maiestatem

132 1925 163 1976 22
183 1916 298 1996 imperi,
320 1933 395 1994 quae
410 1925 474 1978 tum
489 1917 520 1977 in
536 1927 589 1977 tuo
603 1917 701 1996 capite
717 1916 969 1996 periclitabantur,
993 1917 1173 1980 commisisti.
1202 1934 1263 1996 ego
1288 1927 1319 1978 m

185 2000 216 2062 P.
239 2001 408 2063 Cornelium
436 2001 479 2061 rei
508 2000 643 2081 publicae
672 2000 832 2079 nobisque,
859 2019 921 2061 non
950 1999 1006 2062 sibi
1036 2001 1092 2080 ipsi
1120 2001 1262 2081 priuatim

183 2095 315 2149 erectum
345 2086 499 2149 consulem
527 2085 678 2161 existimo,
707 2085 914 2165 exercitusque
935 2085 972 2147 ad
993 2085 1154 2149 custodiam
1177 2085 1265 2150 urbis

184 2182 273 2252 atque
296 2172 394 2233 ltaliae
420 2172 548 2251 scriptos
569 2190 649 2245 esse,
679 2189 740 2231 non
772 2188 847 2249 quos
869 2170 951 2250 regio
972 2190 1056 2233 more
1078 2190 1133 2253 per
1153 2191 1263 2251 super-

183 2258 261 2319 biam
284 2256 431 2329 consules,
453 2275 513 2336 quo
534 2264 680 2317 terrerum
703 2254 806 2329 uelint,
829 2249 983 2317 traiciant'

132 2345 170 2403 lc
271 2342 344 2404 Cum
361 2342 497 2402 oratione
512 2342 547 2402 ad
564 2349 681 2419 tempus
696 2348 796 2420 peram
817 2339 926 2402 Fabius
947 2348 1010 2402 tum
1034 2341 1208 2402 auctoritate
1232 2352 1265 2404 et
1287 2352 1320 2405 δ

183 2430 347 2489 inueterata
362 2426 537 2506 prudentiae
551 2427 628 2487 lama
643 2443 780 2503 magnam
796 2434 909 2505 partem
931 2434 1052 2488 senatus
1073 2434 1104 2487 et
1125 2426 1263 2489 seniores

183 2513 310 2574 maxims
325 2529 393 2572 curn
409 2511 559 2586 mouisset,
575 2510 736 2591 pluresque
751 2510 908 2571 consilium
923 2510 1004 2573 senis
1019 2527 1107 2589 quem
1127 2510 1262 2573 animum

147 2605 162 2655 2
183 2596 380 2659 adulescentis
401 2598 531 2657 lerocem
555 2594 726 2669 laudarent,
757 2594 855 2675 Scipio
878 2595 918 2656 ita
941 2595 1057 2657 locutus
1078 2596 1188 2657 lentur:
1208 2589 1264 2657 ‘Et

183 2682 246 2762 ipse
268 2680 304 2753 0.
327 2680 434 2743 Fabius
455 2679 603 2760 principio
626 2680 779 2753 orationis,
800 2688 902 2759 patres
923 2680 1100 2760 conscripti,
1128 2698 1261 2743 comme·

183 2767 311 2828 mortuil
324 2766 354 2826 in
370 2765 518 2827 sententia
537 2782 590 2826 sus
612 2784 700 2845 posse
723 2764 965 2826 obtrectationem
988 2772 1155 2844 suspectam
1178 2784 1260 2841 essm
1284 2776 1321 2829 so

148 2851 269 2913 tcuius
291 2868 347 2930 eqo
369 2850 411 2910 rei
435 2869 496 2911 non
519 2857 578 2910 tam
601 2850 664 2930 ipse
686 2850 780 2911 ausim
807 2842 923 2910 tantun's
948 2850 1048 2911 uirum
1075 2848 1260 2925 insimulare,

252 3055 263 3103 l
284 3051 362 3117 igitur
386 3050 427 3102 bic
445 3050 481 3100 Σ
504 3050 581 3116 iqitur
598 3048 630 3100 ΡΙ
654 3048 696 3100 bic
714 3048 791 3114 igitur
808 3046 843 3099 P’
860 3048 870 3114 l
888 3062 945 3099 curn
964 3046 1036 3099 ΡΣ
1054 3063 1095 3100 um
1114 3050 1145 3099 ΡΙ
1158 3046 1196 3117 l³
1214 3048 1261 3103 bic

181 3120 219 3171 Σι
236 3119 277 3171 his
295 3117 336 3187 Pl
351 3119 421 3182 tuis
440 3122 479 3169 tut
496 3119 525 3180 P,
542 3132 593 3168 om.
612 3115 846 3184 fflldbruttiPl
859 3119 873 3167 7
888 3114 965 3167 slricu
978 3116 1025 3179 Σῑ,
1044 3132 1092 3169 om.
1105 3116 1260 3183 Plbistud

181 3188 239 3240 ΡΣ
255 3186 322 3239 lstuc
340 3186 394 3237 2¹?
413 3187 423 3252 l
440 3189 456 3239 ll
474 3186 604 3236 mninores
623 3185 663 3250 Pl
678 3188 706 3237 ll
728 3189 754 3235 et
775 3189 828 3235 tarn
846 3182 884 3233 2⁸
906 3184 983 3236 etiam
1002 3184 1043 3252 Pl
1057 3188 1083 3236 el
1101 3186 1125 3236 P
1145 3200 1175 3235 sc
1193 3184 1261 3250 ›1¹t,

183 3272 232 3308 om.
251 3255 289 3305 Σ
301 3255 311 3322 Ι
325 3256 357 3306 ll
375 3258 446 3305 tunm
464 3253 503 3303 Σι
520 3259 573 3304 tum
586 3251 628 3318 ΡΙ
642 3253 678 3303 tui
691 3251 731 3301 Σ3
748 3252 784 3303 uli
796 3250 838 3319 Pl
853 3254 885 3303 ll
897 3258 1041 3304 occurreret
1052 3250 1091 3303 Σ*
1108 3253 1262 3305 occumebnt

182 3325 205 3376 P
238 3328 269 3376 15
288 3322 409 3375 hannibal
427 3338 463 3372 ec
480 3321 616 3373 bancnlbsl
635 3320 688 3386 P¹l
701 3320 736 3370 slt
754 3318 791 3369 Σ
808 3326 837 3371 nt
855 3318 897 3385 Pl
908 3319 1052 3386 relinquere
1071 3320 1096 3371 ln
1115 3321 1152 3384 (in
1166 3320 1215 3372 dat
1229 3326 1261 3387 ς)

180 3393 189 3444 i
227 3391 277 3443 iam
294 3393 319 3443 P
333 3390 384 3441 clio
402 3388 461 3457 2¹l
476 3390 508 3442 tu
527 3388 609 3440 tibiP
624 3388 671 3439 tibi
688 3386 714 3439 id
726 3386 766 3437 Σ8
802 3390 832 3439 Π
851 3402 942 3439 censes
958 3402 1016 3439 esse
1029 3386 1068 3439 Σ8
1085 3402 1205 3441 censesse
1217 3391 1262 3457 Pl

181 3474 238 3512 cum
256 3474 307 3512 om.
326 3457 365 3508 ΣΡ
376 3458 386 3524 l
399 3457 511 3509 exercitu
529 3473 564 3507 aar
581 3456 710 3508 exercitus
729 3456 760 3507 P¹
806 3456 838 3507 22
857 3455 927 3507 urbls
944 3454 984 3505 Σ8
1000 3456 1058 3507 nbis
1077 3456 1109 3507 P¹
1130 3456 1204 3509 nobis
1222 3474 1261 3511 em

182 3528 257 3579 uobis
275 3524 329 3594 pel
343 3528 376 3579 23
393 3532 472 3593 etque
489 3525 515 3576 in
533 3524 620 3577 itcllse
637 3524 680 3590 Pl
694 3524 838 3588 superulsm
854 3522 894 3584 ΡΙ,
912 3538 981 3574 corr.
994 3522 1048 3589 pol
1062 3524 1094 3576 ld
1112 3524 1258 3577 inuetenta

182 3594 220 3643 Σ
236 3594 393 3644 iuneterstse
411 3594 453 3659 ΡΙ
466 3594 497 3645 ll
517 3607 574 3644 cum
594 3594 619 3643 b.
637 3592 654 3643 1.
673 3592 735 3643 odd.
756 3589 942 3643 Weissenborn
960 3591 1026 3642 dues
1044 3591 1191 3657 Haduigr'o,
1209 3598 1260 3659 paca·

182 3663 245 3710 anto
268 3661 300 3711 tu
325 3674 442 3724 magnam
464 3660 535 3722 add,
557 3674 608 3711 om.
626 3660 683 3712 ΡΣΙ
700 3659 710 3725 ΙΙ
729 3660 761 3711 tt
784 3658 955 3711 adolescentis
978 3666 998 3724 ς
1022 3658 1212 3712 adulescentiae
1240 3663 1263 3713 P

182 3724 355 3776 adolescentis
373 3726 412 3775 Σ8
429 3726 440 3794 l
458 3728 491 3781 29
515 3728 639 3779 orationis
661 3742 698 3779 ear
721 3726 845 3779 oratiunis
867 3726 899 3777 P¹
914 3726 925 3794 l
944 3726 1080 3779 conscribti
1100 3728 1122 3779 P
1137 3727 1147 3794 l
1163 3729 1199 3782 30
1215 3742 1260 3781 su·

184 3795 272 3857 specte
291 3792 332 3854 1³¹,
351 3808 421 3843 corr.
439 3794 493 3861 P⁸l
507 3797 537 3847 bl
557 3795 610 3846 susi
629 3794 670 3859 P¹,
689 3810 759 3847 corr.
778 3796 810 3846 P⁸
