2734 4250
9 86 10 89 ‘
89 146 111 179 .,
124 121 175 178 cu.
188 136 227 178 ,ω
459 116 553 171 usna
569 118 669 184 xrvu,
687 122 728 174 so.
746 122 778 173 u
1105 119 1163 180 121

89 293 120 355 iu
142 301 269 372 angusto
296 291 482 354 tendentium
512 292 626 354 facilior
654 292 752 355 lutura
781 300 859 366 erat,
888 293 968 371 quod
990 290 1167 356 Claudianus

90 378 238 441 exercitus
251 377 325 438 nihil
339 378 433 438 terme
447 388 566 458 praeter
579 395 658 438 arma
674 395 775 439 seeum
796 378 826 438 iu
849 377 1069 456 expeditionem
1090 378 1167 440 tule-

89 472 144 525 rat
188 472 319 524 ceterum
343 463 374 523 in
397 462 462 542 ipso
485 462 592 524 itinere
619 471 739 523 auctum
768 463 944 524 uoluntariis
966 481 1071 542 agmen
1094 473 1202 538 erata

90 546 286 611 ollerentibus
297 547 375 608 ultro
387 566 451 609 sese
464 555 493 608 et
505 546 655 609 ueteribus
666 547 809 609 militibus
821 547 986 626 perfunctis
998 548 1055 608 iam
1066 547 1167 610 militia

55 642 70 693 o
90 643 121 696 et
134 632 305 706 iuuenibus,
327 650 404 711 quos
418 634 553 694 certatim
568 633 690 694 uomina
708 632 814 706 dantis,
836 633 861 694 si
883 651 1010 712 quorum
1034 635 1168 712 corporis

90 718 205 800 species
219 717 373 796 roburque
387 717 496 779 uirium
510 727 611 796 aptum
627 718 747 779 militiae
761 717 924 789 uidebatur,
941 719 1172 798 conscripserat

91 805 127 866 ad
150 804 258 865 Senam
280 812 374 864 castra
397 801 517 863 alterius
538 802 669 865 consulis
692 812 791 876 erant,
821 810 851 863 ct
874 801 1055 883 quingentos
1076 804 1206 866 termes

89 889 162 952 inde
177 905 281 968 passus
296 885 460 950 Hasdrubal
474 887 586 948 aberat.
628 888 727 966 itaqua
742 905 810 949 curn
826 887 883 948 iam
907 887 1168 968 adpropinquaret,

90 982 189 1036 tectus
209 972 362 1034 montibus
383 971 513 1035 substitit
533 972 629 1046 Nero,
657 992 696 1034 ne
719 982 787 1034 ante
810 982 929 1034 noctem
951 983 1045 1035 castra
1067 975 1169 1052 ingre·

41 1067 70 1117 to
90 1060 222 1121 deretur.
266 1057 385 1119 silentio
407 1057 550 1136 ingressi,
579 1057 616 1118 ab
638 1059 685 1119 sui
708 1058 835 1137 quisque
858 1057 970 1120 ordinis
999 1059 1204 1121 hominibusi

90 1145 123 1206 iu
146 1142 275 1226 tentoria
297 1141 431 1216 abducti,
463 1160 530 1204 cum
552 1160 666 1204 summa
689 1143 823 1204 omnium
851 1142 957 1204 laetitia
986 1143 1169 1223 hospitaliter

90 1228 293 1307 excipiuntur.
336 1234 456 1307 postero
472 1227 520 1288 dic
534 1227 693 1290 consilium
715 1227 857 1301 habitum,
881 1229 928 1288 cui
951 1237 980 1288 et
995 1227 1027 1289 L.
1045 1227 1167 1289 Porcius

91 1314 217 1376 Licinus
231 1321 353 1392 praetor
366 1311 467 1374 adluit.
511 1322 607 1374 castra
621 1313 721 1374 iuncta
736 1312 893 1375 consulum
909 1314 1013 1374 castris
1034 1312 1170 1387 babebat,
1191 1322 1207 1373 o

92 1408 124 1460 et
150 1406 221 1459 aute
249 1397 410 1459 aduentum
439 1414 545 1458 eorum
573 1415 627 1476 per
654 1397 719 1458 loca
747 1397 804 1458 alta
833 1397 981 1484 ducendo,
999 1398 1170 1470 exercitum,

43 1492 70 1543 to
91 1501 162 1546 cum
185 1481 273 1544 modo
296 1481 439 1543 insideret
459 1492 602 1561 angustos
627 1482 732 1554 saltus,
763 1493 795 1544 ut
823 1483 980 1544 transitum
1011 1482 1169 1555 clauderet,

90 1569 182 1631 modo
198 1566 236 1628 ab
250 1567 343 1628 latere
357 1577 408 1628 aut
420 1567 458 1628 ab
473 1574 558 1645 tergo
573 1576 710 1647 carperet
727 1586 845 1647 agmen,
868 1567 1033 1629 ludificatus
1055 1569 1169 1629 bostem

92 1652 237 1716 omnibus
249 1652 361 1714 artibus
383 1651 451 1714 belli
473 1653 586 1735 luerat3
608 1653 633 1714 is
655 1662 719 1713 tum
741 1653 771 1713 in
795 1653 919 1714 consilio
942 1653 1050 1714 aderat.
1094 1653 1206 1715 mul-’t

92 1749 194 1801 torum
209 1757 247 1799 eo
261 1736 447 1799 inclinabant
460 1737 634 1811 scotomiae,
657 1747 699 1812 ut,
722 1738 791 1798 dum
807 1739 917 1800 lassum
936 1738 983 1799 uia
1006 1756 1040 1798 ac
1062 1737 1171 1816 uigiliis

92 1824 234 1885 reflueret
247 1822 369 1884 militem
388 1822 477 1894 Nero,
498 1822 587 1884 simul
609 1823 694 1884 etad
718 1825 902 1884 noscendum
925 1823 1039 1885 bostem
1061 1841 1172 1901 paucos

40 1917 71 1968 to
91 1908 150 1972 sibi
166 1916 297 1970 sumeret
312 1908 383 1980 dics,
400 1916 519 1986 tempus
533 1925 652 1987 pugnae
667 1907 852 1983 differretur3
875 1908 953 1969 Nero
970 1926 1030 1968 non
1047 1908 1171 1970 suadere
1193 1917 1209 1969 8

92 1995 195 2067 modo,
218 1994 269 2054 sed
285 2009 400 2053 summa
415 2011 472 2072 ope
487 2009 574 2052 orare
594 1991 710 2064 institit,
733 2011 772 2054 ne
795 1993 950 2054 consilium
973 2011 1070 2066 suum,
1093 1992 1171 2072 quod

93 2088 193 2143 tutum
208 2077 343 2140 celeritas
357 2077 483 2149 lecisset,
504 2077 694 2139 temerarium
709 2078 854 2139 morando
878 2081 1017 2140 lacerent.
1060 2095 1172 2150 errore,
1192 2087 1208 2137 e

93 2165 148 2245 qui
170 2182 233 2225 uon
256 2163 414 2225 diuturnus
435 2163 554 2225 iuturus
575 2171 663 2235 essct,
684 2162 767 2224 uelut
789 2172 957 2242 torpentem
978 2161 1173 2223 Hannibalem

95 2267 154 2312 neo
177 2256 271 2309 castra
293 2265 346 2309 sua
368 2247 433 2309 sine
454 2247 530 2308 duce
558 2248 658 2309 relicta
687 2248 808 2327 adgredi
838 2266 893 2309 occ
920 2247 955 2309 ad
989 2248 1173 2326 sequendum

41 2342 71 2395 to
92 2354 127 2397 se
143 2334 201 2395 iter
215 2332 386 2394 intendisse.
430 2343 589 2411 antequam
604 2352 637 2394 se
658 2340 786 2404 moueat,
809 2332 899 2393 deleri
922 2332 1084 2393 exercitum
1100 2332 1172 2393 ttas·

93 2418 229 2483 drubalis
250 2435 338 2497 posse
360 2416 511 2496 redirique
532 2418 563 2478 in
586 2417 731 2498 Apuliam.
776 2417 827 2496 qui
850 2415 1024 2496 prolatando
1047 2417 1175 2496 spatium
1197 2424 1225 2475 to

94 2504 177 2566 hosti
199 2503 264 2575 det,
295 2520 365 2563 eum
387 2511 417 2563 et
438 2501 485 2562 illa
508 2512 603 2563 castra
625 2502 752 2580 prodere
774 2501 931 2563 Hannibali
955 2511 985 2562 et
1006 2502 1121 2582 aperire
1143 2502 1173 2562 in

95 2589 221 2651 Galliam
245 2588 309 2661 iter,
331 2594 365 2647 ut
386 2605 441 2667 per
462 2588 565 2661 otium,
589 2586 640 2649 ubi
663 2587 744 2659 uelit,
768 2585 942 2649 Hasdrubali
964 2588 1174 2665 coniungatur.

95 2673 248 2752 extemplo
262 2673 381 2749 siguum
396 2671 526 2733 dandum
541 2683 572 2734 et
586 2672 756 2733 exeundum
771 2673 802 2735 in
819 2672 911 2733 aciem
933 2670 1176 2749 abutendumque
1197 2677 1225 2729 tt

41 2773 74 2824 to
96 2776 203 2821 errore
231 2758 361 2819 bostium
391 2758 557 2837 apsentium
588 2757 865 2837 praesentiumque,
899 2756 968 2819 durn
1003 2775 1101 2835 neque
1134 2755 1176 2817 illi

95 2843 196 2907 sciant
217 2859 285 2903 cum
308 2841 499 2920 paucioribus
521 2860 578 2902 nec
606 2842 636 2902 bi
666 2860 734 2902 cum
763 2842 899 2923 pluribus
928 2851 958 2903 et
986 2839 1177 2903 ualidioribus

95 2946 163 2990 rem
185 2946 260 2989 esse.
303 2926 428 2987 consilio
451 2926 570 2988 dimisso
593 2928 711 3005 signum
734 2945 851 3007 pugnae
880 2927 1075 3007 proponitur,
1104 2944 1177 2987 con·
1200 2934 1229 2985 11

96 3012 259 3090 lestimque
282 3011 312 3072 in
335 3011 427 3072 aciem
450 3010 627 3091 procedunt.

186 3096 248 3157 lam
269 3096 368 3158 hostes
389 3105 458 3157 ante
478 3105 573 3157 castra
595 3096 732 3159 instructi
755 3096 880 3159 stabant.
925 3112 1037 3157 moram
1059 3096 1230 3174 pugnasti

41 3198 72 3247 ao
95 3182 207 3255 attulit,
230 3180 310 3261 quod
327 3180 501 3255 Hasdrubal,
523 3190 685 3260 prouectus
700 3189 769 3242 ante
783 3181 865 3260 signa
882 3197 949 3241 cum
970 3178 1072 3260 paucis
1094 3178 1178 3257 equi·

169 3314 284 3368 llerme
301 3316 338 3364 >P
358 3314 412 3365 lere
430 3314 510 3380 Plio
529 3312 575 3376 ΞΡ,
599 3329 649 3365 om.
666 3314 738 3379 Pl3
761 3319 864 3365 auctum
883 3312 921 3362 Σ·
943 3318 1045 3365 anteum
1064 3310 1136 3376 Pll
1153 3314 1180 3362 et

96 3382 233 3435 ueteribus
251 3380 288 3431 Σ
311 3397 344 3434 ex
361 3382 492 3434 ueteribus
516 3381 560 3446 Pl
571 3383 586 3435 6
609 3381 737 3448 roborque
756 3378 796 3449 Pl
812 3384 843 3434 10
867 3380 921 3431 sula
941 3381 1027 3441 Pl13
1051 3378 1142 3429 licinus
1160 3380 1179 3442 ς

98 3450 232 3515 Sigonius
249 3449 352 3501 licinius
364 3448 444 3517 1³2⁴}
459 3452 489 3504 15
508 3464 564 3501 cum
583 3450 630 3513 2⁸,
647 3465 698 3501 om.
717 3450 757 3517 Pl
775 3451 805 3500 lb
822 3454 905 3500 ostem
921 3447 964 3515 Pl
979 3450 1010 3501 18
1022 3445 1179 3498 inclinabant

98 3522 120 3584 ς
137 3519 263 3571 inclinant
281 3517 359 3583 ΡΣἹ
376 3520 407 3572 19
425 3531 522 3585 paucos
539 3516 579 3568 2⁸
595 3532 689 3583 paruos
708 3518 748 3581 Pl
762 3518 794 3569 20
813 3530 914 3582 pugnae
932 3517 956 3566 P
974 3514 1104 3581 pugnandi
1122 3513 1180 3593 Pl

100 3589 135 3641 21
152 3602 202 3654 ope
221 3601 294 3638 orare
312 3584 352 3637 5⁸
369 3600 475 3652 operare
487 3584 529 3653 Pl
542 3587 573 3638 23
593 3600 651 3637 esse
664 3584 707 3653 Pl
720 3587 752 3638 lb
770 3598 799 3636 se
813 3587 877 3635 ante
893 3584 942 3635 iter
960 3598 1010 3635 om.
1028 3582 1065 3633 ΣΙ
1078 3581 1087 3649 l
1100 3581 1179 3634 delen

99 3655 126 3706 P
144 3653 230 3707 delere
251 3653 474 3721 mexercitum
499 3653 661 3706 hasdrubalis
688 3668 766 3719 posse
789 3652 922 3718 redireque
945 3650 1082 3718 (redirique
1109 3665 1180 3700 corr.
1218 3668 1220 3673 ’

102 3721 195 3787 Gron.)
212 3722 254 3773 >P
270 3738 321 3789 que
339 3720 384 3790 Pl
404 3724 436 3775 nt
455 3729 481 3774 et
498 3721 542 3773 ills
560 3722 585 3772 P
602 3721 646 3773 ills
666 3720 702 3771 Σ
719 3720 729 3789 l
748 3722 780 3775 ts
798 3720 942 3773 exeundum
960 3718 999 3771 2³
1016 3717 1115 3771 aeundb
1135 3716 1183 3779 Pl

101 3793 137 3843 30
155 3791 365 3857 presentiumque
383 3788 423 3840 Σ*
440 3804 490 3857 que
507 3790 531 3840 P
