2734 4250
103 169 123 203 ι.
138 155 190 199 cnr.
204 157 243 199 eor
466 139 560 193 ntuetr
575 139 696 209 xxvtut,
713 142 754 197 ²5.
772 145 805 196 26
1113 143 1175 204 225

188 311 294 373 Milites
317 320 349 374 ut
372 330 462 374 naues
484 312 587 373 ordine
616 330 650 373 ac
679 312 745 374 sine
773 314 902 375 tumultu
930 314 1216 390 conscendemus

101 399 167 479 ipse
190 414 254 458 cam
275 396 332 459 sibi
355 414 456 458 euram
479 397 619 477 sumpsit;
644 397 779 460 nauticos
802 399 833 461 G.
856 398 981 474 Laelius,
1003 400 1055 478 qui
1076 399 1178 463 classis

102 482 271 561 praefectus
293 490 372 553 crat,
400 482 430 542 in
455 481 591 553 nauibus,
615 491 684 543 ante
711 482 914 545 conscendere
941 494 1076 559 coactos,
1104 503 1177 547 con·

102 566 209 641 tinuit;
232 574 413 628 commeatus
427 566 601 646 imponendi
617 566 655 627 Μ.
671 566 837 647 Pomponio
851 570 980 648 praetori
1002 587 1073 631 cura
1095 570 1176 633 data:
1198 583 1215 634 o

61 666 78 714 5
103 652 236 731 quinque
258 661 287 713 et
311 650 502 731 quadraginta
532 652 648 713 dierum
676 650 802 725 cibaria,
832 654 980 733 equibus
1007 654 1176 733 quindecim

101 738 218 798 dierum
233 744 326 810 cocta,
348 736 495 815 imposita.
539 745 573 797 ut
587 753 693 799 omnes
711 737 768 798 iam
792 739 822 798 in
846 737 973 801 nauibus
994 749 1090 814 arant,
1112 758 1176 803 sca·
1199 754 1214 803 t

101 822 175 901 phas
197 820 403 894 circummisit,
429 828 464 883 ut
486 838 521 883 ex
543 821 682 883 omnibus
705 821 833 884 nauibus
854 822 1127 903 gubernatoresque
1149 835 1178 887 et

101 906 234 986 magistri
256 906 377 967 nauium
400 914 432 967 et
453 905 516 967 bini
538 905 645 968 milites
667 907 698 967 in
721 907 820 968 iorum
842 908 1042 969 conuenirent
1063 909 1099 969 ad
1121 909 1177 971 im·

101 990 186 1071 peria
201 991 380 1071 accipienda.
423 1000 580 1072 postquam
597 1001 818 1065 conuenerunt,
838 993 969 1073 primum
982 991 1019 1052 ab
1035 992 1071 1055 iis
1086 1012 1176 1073 quac·
1198 1005 1214 1057 8

47 1084 77 1137 to
100 1076 187 1148 siuit,
209 1074 234 1138 si
255 1094 360 1154 aquam
383 1075 554 1137 hominibus
576 1076 775 1155 iumentisque
798 1076 827 1138 in
850 1076 972 1137 totidem
994 1076 1074 1151 dies,
1104 1089 1178 1157 quot

101 1163 301 1235 trumentum,
330 1160 549 1240 imposuissent.
594 1160 646 1221 ubi
675 1161 897 1241 responderunt
928 1178 1033 1240 aquam
1063 1162 1215 1225 dierum9

101 1247 237 1326 quinque
259 1254 289 1307 et
311 1245 504 1325 quadraginta
527 1246 558 1306 in
582 1244 710 1307 nauibus
731 1263 806 1319 esse,
829 1255 891 1308 tum
914 1244 1005 1308 edixit
1025 1245 1176 1322 militibus,

102 1339 137 1393 ut
158 1331 309 1392 silentium
332 1331 423 1410 quieti
447 1330 545 1392 nautis
567 1331 631 1393 sine
654 1331 817 1393 certamine
838 1332 873 1392 ad
901 1330 1064 1392 ministeria
1092 1350 1178 1393 erse-

102 1415 222 1495 qucnda
250 1415 327 1477 bene
355 1413 549 1477 oboedientes
577 1425 771 1495 praestarent.
814 1433 882 1477 cum
910 1416 1018 1495 uiginti
1045 1418 1180 1479 rostratis
1201 1426 1229 1477 1⁰

48 1510 78 1560 15
101 1520 133 1563 se
149 1518 184 1562 ac
198 1500 231 1561 L.
248 1500 419 1580 Scipionem
438 1498 475 1561 ab
498 1500 602 1562 dextro
625 1518 731 1573 cornu,
754 1500 790 1562 ab
813 1500 898 1562 laeuo
921 1500 1041 1561 totidem
1065 1511 1176 1563 rostra·

102 1596 147 1647 tas
169 1596 200 1646 et
221 1585 252 1648 C.
274 1584 406 1647 Lesbum
435 1586 616 1664 praelectum
638 1584 740 1647 classis
769 1603 837 1647 cum
868 1585 906 1646 ld.
930 1585 1036 1646 Porcio
1065 1585 1177 1648 Catone

103 1702 141 1715 -
167 1679 306 1749 quaestor
327 1670 352 1732 is
374 1679 436 1731 tum
460 1679 524 1732 erat
545 1704 587 1715 -
609 1670 753 1732 onerariis
774 1670 907 1732 loturum
929 1669 1086 1750 praesidio.
1131 1671 1177 1732 ln·
1200 1680 1228 1732 tt

102 1755 183 1816 mina
205 1755 236 1816 in
260 1753 387 1816 nauibus
408 1754 524 1833 singula
547 1763 707 1828 rostratae,
736 1754 806 1818 bina
834 1754 988 1817 onerariae
1015 1754 1176 1831 baberent;

102 1840 133 1901 in
150 1839 295 1919 praetoria
311 1858 388 1927 nque
403 1839 521 1919 insigne
536 1849 719 1901 nocturnum
735 1841 825 1902 trium
840 1840 986 1902 luminum
1001 1841 1075 1902 lore.
1105 1839 1176 1901 Enr-

43 1933 75 1984 20
101 1924 187 2004 poria
217 1935 250 1987 ut
277 1932 431 2005 peterent,
459 1922 711 2002 gubernatoribus
739 1924 837 1987 edixit.
882 1924 1079 1987 fertilissimus
1107 1942 1178 2005 ager
1200 1935 1230 1984 tt

103 2026 199 2088 eoque
220 2008 377 2071 abundans
400 2008 532 2071 omnium
555 2010 640 2089 copia
667 2027 767 2070 rerum
799 2020 844 2071 est
865 2011 963 2090 regio,
992 2019 1022 2071 et
1042 2009 1178 2083 inbelles,

102 2094 183 2173 quod
198 2094 374 2175 plerumque
388 2093 420 2157 in
443 2092 528 2156 uberi
550 2112 622 2173 agro
645 2094 757 2169 euenit,
779 2093 896 2156 barbari
918 2103 998 2169 sunt,
1024 2094 1177 2175 priusque,

101 2196 190 2258 quam
213 2179 250 2241 ab
272 2179 448 2259 Cartbagine
470 2179 699 2253 subueniretur,
725 2181 855 2259 opprimi
877 2177 1058 2243 uidebantur
1078 2197 1177 2259 posse.

102 2265 139 2326 iis
154 2263 239 2328 editis
254 2265 386 2344 imperiis
400 2264 498 2326 redire
513 2263 549 2325 ad
565 2282 658 2327 naues
671 2263 744 2326 iussi
759 2272 789 2325 ct
802 2273 923 2345 postero
946 2263 994 2325 dic
1016 2263 1079 2325 deis
1101 2263 1178 2325 benc
1201 2272 1230 2323 te

42 2356 73 2408 25
101 2349 275 2412 iuuantibus
296 2350 382 2428 signo
405 2348 473 2410 dato
495 2349 612 2410 soluere
637 2367 737 2410 naues.

187 2433 296 2496 ldultae
310 2435 418 2498 classes
432 2434 583 2495 llomanae
598 2453 616 2495 e
631 2433 730 2496 Sicilia
744 2441 833 2512 atque
847 2431 912 2511 ipso
927 2431 978 2493 illo
993 2441 1082 2511 portu
1105 2449 1176 2512 pro·
1190 2433 1229 2491 20

100 2520 196 2580 lectae
218 2529 319 2594 erant;
347 2527 479 2581 ceterum
502 2537 563 2579 non
586 2537 622 2580 eo
645 2518 723 2580 bello
745 2518 841 2580 solum
863 2551 905 2561 -
929 2533 986 2577 nec
1007 2516 1037 2576 id
1059 2516 1177 2590 mirum,

101 2604 274 2683 praedatum
292 2604 372 2666 enirn
395 2603 598 2666 tantrrmmodo
620 2603 781 2684 pleraeque
803 2602 912 2664 classes
933 2601 1030 2662 ierant
1051 2635 1102 2675 -,
1125 2601 1178 2663 sed

102 2706 141 2751 nc
162 2689 264 2770 priore
286 2689 404 2767 quidem
426 2687 485 2750 ulla
507 2689 651 2766 protectio
680 2688 755 2750 tanti
781 2685 943 2768 spectaculi
971 2686 1043 2756 luit,
1072 2692 1215 2766 quam-2

43 2781 75 2832 ³0
102 2790 203 2852 quam,
225 2773 249 2835 si
265 2774 467 2854 magnitudine
489 2772 589 2835 classis
612 2773 790 2846 aestimares,
812 2781 843 2834 et
864 2771 927 2834 bini
948 2770 1088 2834 consides
1109 2789 1177 2832 cum

101 2857 181 2920 binis
195 2859 374 2921 exercitibus
390 2866 458 2920 ante
474 2858 653 2919 traiecerant
667 2868 698 2921 et
718 2875 814 2938 prope
835 2857 957 2919 totidem
980 2865 1123 2918 rostratae
1145 2856 1178 2917 in

173 2997 186 3044 1
205 3004 285 3043 nunes
303 2991 366 3042 Pin
385 3007 464 3044 naues
478 2991 518 3042 ΣΙ
529 2993 539 3059 l
552 2989 756 3044 conscenderunt
768 2991 807 3040 Σ*
819 2991 829 3058 Ι
842 2993 857 3042 3
871 2988 897 3041 in
909 2992 968 3043 Pet
980 2989 1027 3054 2²,
1040 3007 1090 3043 om.
1101 2990 1179 3053 sitq

100 3061 117 3110 4
136 3057 195 3112 data
213 3057 285 3110 1³¹>J¹
302 3058 347 3111 dat
364 3059 396 3110 Ρ1
407 3059 446 3128 lb
465 3059 578 3128 quinque
596 3064 622 3111 et
639 3057 808 3126 quadraginta
825 3060 849 3108 Ρ
863 3058 894 3110 tri
914 3057 966 3109 inte
985 3059 1098 3125 quinque
1121 3058 1158 3108 Σι

100 3128 116 3179 6
135 3128 186 3180 iam
205 3141 256 3179 oua.
274 3125 314 3178 Σ·
332 3127 343 3190 Ι
362 3128 471 3195 scapltas
489 3129 535 3194 ΡΙ
556 3129 570 3178 1
588 3126 710 3178 omnibus
727 3125 775 3189 2⁸,
796 3141 846 3177 om.
864 3127 888 3177 Ρ
924 3127 939 3177 8
957 3127 1123 3177 conuenirent

100 3201 277 3247 conuenemnt
299 3195 322 3246 Ρ
337 3194 348 3276 l
368 3199 398 3250 to
418 3209 509 3276 aquarn
527 3194 568 3244 ΣΙ
584 3193 697 3261 aliquam
715 3193 764 3259 ΡΙ
781 3191 851 3260 quod
868 3191 929 3245 ΡΣ1
948 3191 1004 3259 111
1022 3193 1084 3259 quin
1103 3206 1135 3243 ue
1153 3196 1179 3242 et

99 3277 168 3314 ma
186 3264 209 3315 Ρ
224 3261 391 3330 qnadraginta
411 3277 525 3332 quinque
542 3263 580 3313 Σ
598 3261 659 3328 111
681 3261 772 3314 rostris
789 3260 855 3326 ΣἸ
876 3263 906 3314 15
929 3273 960 3312 ac
976 3258 1017 3310 Σ’
1040 3260 1073 3311 ab
1123 3257 1178 3324 lab

98 3331 161 3383 leuc
178 3331 218 3381 Σ·
234 3345 325 3383 aeuum
338 3331 369 3382 ΡΙ
387 3332 489 3384 laeuum
506 3329 562 3400 ΡΊ
575 3334 670 3382 rostras
684 3327 745 3397 ΣἸ
760 3331 790 3383 17
804 3335 859 3381 tum
870 3325 1028 3381 Ρ·Σ’1ιιαιιι
1039 3326 1072 3378 Ρ1
1107 3339 1179 3392 prae·

99 3395 167 3450 sidio
185 3401 209 3450 P
223 3396 362 3467 presidium
380 3401 419 3450 2²
431 3399 442 3467 ΙΙ
455 3401 486 3452 te
504 3399 620 3450 onerario
637 3396 678 3447 Σ1
694 3400 814 3449 oneratae
831 3393 1068 3462 praeostensa*
1102 3393 1180 3445 abent

99 3466 142 3534 ΡΙ
157 3469 190 3520 ttt
208 3467 234 3519 in
252 3468 277 3520 Ρ
291 3473 317 3519 et
329 3469 369 3518 2¹
382 3468 392 3532 1
403 3481 484 3520 naues
496 3467 527 3519 P¹
545 3479 642 3533 gunnes
659 3464 692 3518 Ρ·
703 3465 714 3531 Ι
726 3464 843 3530 insignae
856 3462 1024 3584 qumna
1042 3467 1072 3514 ut
1083 3463 1180 3514 Ptem-

99 3535 157 3600 pori
175 3535 342 3604 ιιι1Σ1121
363 3535 477 3588 omnium
495 3535 533 3584 Σι
550 3535 635 3587 omnia
654 3534 677 3583 Ρ
692 3532 761 3586 omni
779 3535 799 3598 ς
809 3532 820 3600 Ι
832 3531 893 3585 inbe
914 3546 942 3585 ee
959 3529 1109 3583 Pimbellis
1120 3530 1181 3597 ΣἾΙ

100 3603 134 3656 23
158 3603 192 3655 ab
216 3601 263 3668 2⁸,
287 3619 337 3655 orm
359 3605 384 3655 Ρ
399 3603 409 3670 ΙΙ
426 3603 606 3656 subueniretur
629 3599 669 3653 ΣΙ
690 3601 897 3667 cnrnenireltnr,
919 3598 967 3651 sed
984 3601 1066 3664 petor
1086 3603 1180 3650 tectis

96 3671 214 3738 pallida,
238 3673 262 3724 P
304 3671 457 3724 uidebantur
475 3671 515 3722 Σ1
537 3669 672 3723 uideantur
691 3668 739 3735 ΡΙ
757 3670 790 3722 14
847 3669 890 3722 'tia
913 3668 953 3719 ΣΙ
974 3665 1116 3719 ediiseditis
1133 3665 1181 3733 ΡΙ

101 3739 135 3792 25
153 3740 229 3807 signu
281 3777 288 3804 ,
306 3755 375 3792 corr.
393 3738 448 3807 ΡἿΙ
462 3741 494 3793 tt
513 3739 668 3807 pleraequae
686 3737 729 3804 ΡΙ
741 3739 775 3791 29
793 3735 876 3803 priore
892 3738 917 3789 Ρ
930 3735 1000 3805 prior
1018 3731 1059 3784 27¹
1070 3735 1081 3802 fl
1093 3737 1127 3788 31)
1138 3749 1181 3785 sc·

100 3807 220 3860 sumeres
232 3815 259 3861 et
271 3807 308 3857 Σ1
320 3807 452 3860 estimaret
468 3805 514 3860 sed
532 3805 553 3859 si
566 3807 609 3873 ΡΙ
621 3808 652 3859 tt
672 3811 798 3858 rostratae
809 3805 844 3857 Ρ
854 3811 985 3858 nostratae
997 3803 1029 3855 Ρ1
1048 3810 1130 3856 rostre
1141 3800 1182 3851 Σ1

154 3897 234 3943 uteru·
247 3897 273 3942 11
994 3890 1025 3940 15
