2734 4250
92 154 110 188 ι.
122 142 170 189 cat,
182 146 221 189 ²11
463 125 557 181 LIBER
574 126 662 192 xxvi,
680 128 722 179 22.
740 129 771 181 2³
1116 124 1154 186 27

17 317 18 326 ’
88 312 209 381 tempus.
245 300 380 362 seniores
394 300 430 360 de
444 300 540 361 tribus
554 299 771 363 consulendum
790 298 929 361 dixerunt
943 319 1017 372 esse,
1040 298 1157 362 duobus
1180 310 1208 362 ιι

88 386 180 466 plen's
203 386 261 447 ἰιιιι
283 386 443 458 Ιιοιιοιιιιιι,
466 384 501 455 Q.
525 383 616 446 Fabio
639 392 669 445 et
690 384 728 446 lt.
752 383 906 459 Marcello,
935 394 978 458 et,
1006 386 1032 447 si
1054 385 1156 464 utique

89 489 196 533 nonum
228 470 357 550 aliquem
390 470 531 531 aduersus
564 469 680 532 Poenos
713 469 867 532 consulem
908 471 1002 533 creari
1034 470 1155 543 uellent,

88 556 124 616 ll.
146 555 259 617 Valerio
282 554 427 616 Laeuino:
456 555 574 635 egregie
598 555 743 616 aduersus
764 553 931 635 Philippum
954 573 1054 635 regem
1077 564 1156 617 terra

54 641 216 721 tmariqqe
236 658 299 702 rem
321 639 456 718 gessisse.
493 641 533 701 ita
553 640 590 701 de
613 638 709 701 tribus
730 639 947 703 consultatione
968 641 1036 703 data
1057 641 1157 704 senio·
1180 652 1207 703 u

87 726 166 787 ribus
178 725 307 787 dimissis
321 725 454 787 iuniores
467 725 642 805 suffragium
657 725 772 786 ineunt
810 724 848 785 Μ.
861 724 1054 803 [Marcellum]
1070 726 1155 788 Clau·

88 810 162 872 dium
190 810 356 890 fulgentem
383 820 446 871 tum
469 810 567 872 Sicilia
593 809 702 873 domita
731 820 763 871 et
786 808 824 870 ll.
850 809 996 872 Valerium
1024 812 1155 891 apsentis

87 895 221 958 consules
241 894 388 957 dixerunt.
424 896 630 957 auctoritatem
643 894 868 976 praerogatiuae
885 913 989 957 omnes
1004 896 1155 959 centuriae

86 992 200 1043 secuue
221 989 301 1042 sunt.
350 980 473 1043 eludant
494 998 575 1042 nunc
601 980 721 1060 antiqua
744 980 893 1043 mirantis:
924 1000 985 1042 non
1008 981 1155 1060 equidem,
1178 992 1206 1043 tt

42 1075 67 1125 tt
84 1066 107 1127 si
126 1084 184 1147 qua
206 1064 246 1128 sit
266 1065 445 1146 sapientium
467 1065 580 1140 ciuitas,
603 1084 691 1145 quam
713 1065 792 1127 docti
815 1065 931 1145 lingunt
954 1066 1046 1146 magis
1065 1084 1154 1145 quam

86 1160 204 1226 nonunt,
227 1159 278 1213 aut
299 1150 451 1231 principes
471 1151 624 1231 grauiores
649 1151 953 1230 temperantioresque
975 1170 990 1210 a
1014 1150 1154 1231 cupidine

84 1236 196 1318 imperii
219 1246 271 1299 eut
291 1236 509 1297 multitudinem
532 1236 639 1297 melius
659 1244 801 1296 morsum
816 1254 953 1297 censeam
969 1235 1033 1297 lieri
1057 1254 1153 1315 posse.

85 1323 244 1383 centuriam
267 1339 340 1382 uero
362 1320 513 1382 iuniorum
535 1321 669 1382 seniores
690 1320 848 1381 consulere
871 1320 1016 1393 uoluisse,
1046 1319 1155 1399 quibus
1178 1331 1205 1382 tt

85 1406 238 1487 imperium
260 1405 400 1484 suffragio
421 1405 585 1477 mandaret,
608 1406 658 1467 uix
680 1414 714 1466 ut
728 1406 792 1467 ueri
807 1404 901 1467 simile
916 1406 963 1479 sit,
985 1405 1153 1485 parentium

41 1498 201 1572 tiquoque
223 1492 280 1552 boc
301 1490 420 1553 saeculo
442 1489 509 1551 uilis
531 1490 666 1570 leuisque
682 1500 755 1571 aput
769 1489 879 1552 liberos
893 1491 1053 1552 auctoritas
1074 1491 1152 1552 lecit.

166 1575 316 1638 Praetoria
330 1576 399 1637 inde
414 1576 531 1637 comitis
546 1576 652 1637 iabiu.
690 1577 722 1637 P.
734 1576 860 1638 lilanlius
872 1575 960 1637 Vulso
976 1584 1006 1637 et
1020 1575 1053 1636 L.
1069 1575 1152 1637 llan-
1167 1578 1206 1635 28

84 1661 137 1723 lius
157 1661 301 1725 Acidinus
327 1670 358 1722 et
384 1659 415 1722 C.
438 1660 592 1723 Laetorius
619 1670 650 1723 et
671 1661 705 1722 L.
728 1661 847 1723 Cincius
869 1660 1033 1723 Alimentus
1063 1662 1152 1722 creati

83 1756 159 1808 suot.
194 1748 274 1809 forte
289 1746 329 1807 ita
343 1746 456 1819 incidit,
477 1754 512 1807 ut
525 1746 653 1809 comitiis
666 1746 806 1827 perlectis
821 1746 1011 1809 nuntiaretur
1032 1745 1066 1806 T.
1083 1745 1154 1808 Ota·
1175 1758 1190 1809 2

83 1830 195 1905 cilium,
227 1849 315 1912 quem
344 1830 379 1891 Τ.
401 1831 526 1903 Manlio,
555 1831 611 1893 nisi
639 1832 842 1913 interpellatus
870 1831 942 1893 ordo
965 1832 1152 1894 comitiorum

41 1922 171 1989 cesset,
200 1916 355 1995 conlegam
382 1925 536 1996 apsentem
564 1916 687 1979 daturus
716 1918 807 1979 luisse
836 1916 991 1980 uidebatur
1013 1918 1151 1998 populus,

83 2012 232 2065 mortuum
258 2001 288 2062 in
311 2000 408 2063 Sicilia
430 2020 504 2063 esse.
525 2035 570 2047 -
591 2000 665 2063 Ludi
688 2002 873 2082 Apollinares
899 2011 930 2063 et
951 2002 1051 2081 priore
1073 2020 1153 2064 anno
1175 2014 1190 2063 t

83 2086 196 2150 luerunt
218 2096 264 2159 et,
286 2105 323 2149 eo
344 2104 426 2148 anno
448 2094 481 2148 ut
501 2088 622 2162 tierent,
650 2088 799 2150 reserante
821 2086 982 2168 Calpurnio
1006 2095 1151 2168 praetore,

83 2183 199 2235 senatus
212 2173 356 2242 decreuit,
378 2183 412 2233 ut
432 2172 656 2252 inperpetuum
675 2185 870 2236 nouerantur.
888 2207 930 2219 -
945 2171 1057 2234 Eodem
1072 2191 1152 2235 anno
1174 2187 1189 2237 t

84 2258 211 2336 prodigia
242 2257 354 2336 aliquot
383 2257 445 2319 uisa
474 2257 667 2336 nuntiataque
691 2269 771 2320 sunt.
815 2258 845 2319 in
875 2258 947 2318 cede
970 2257 1151 2319 Concordiae

40 2341 220 2416 bileteria,
251 2359 326 2422 quae
348 2343 379 2403 in
402 2342 532 2404 culmine
560 2347 639 2415 erat,
666 2343 791 2406 fulmine
820 2344 877 2405 icta
904 2343 1086 2420 decussaque
1115 2341 1151 2403 ad

83 2425 232 2502 Victorias,
255 2445 332 2507 quae
354 2427 385 2488 in
407 2427 543 2489 antefixis
564 2437 664 2500 erent,
689 2428 781 2490 haesit
804 2446 901 2508 neque
923 2427 991 2489 inde
1006 2426 1149 2506 procidit;

83 2521 110 2572 et
129 2513 282 2594 Anagniae
303 2522 334 2574 et
355 2511 495 2591 Fregellis
517 2513 689 2575 nuntiatum
717 2521 763 2574 est
790 2530 907 2574 murum
934 2522 1094 2592 portasque
1115 2510 1188 2573 det

83 2597 159 2660 caelo
173 2606 262 2672 tacta,
278 2597 352 2658 etin
367 2597 433 2658 loro
444 2596 613 2660 Subertano
627 2597 782 2678 sanguinis
796 2599 879 2660 riuos
894 2615 948 2678 per
961 2597 1037 2658 diem
1053 2604 1149 2658 totum

83 2681 206 2757 fluxuse,
229 2692 261 2744 et
274 2681 354 2742 Eroti
377 2680 523 2761 lapidibus
544 2681 684 2762 pluuisse,
707 2693 737 2744 et
752 2684 842 2746 lloato
859 2683 968 2745 mulam
990 2681 1149 2764 peperisse.

39 2774 64 2824 tt
82 2783 113 2827 ea
133 2768 267 2848 prodigia
289 2767 393 2829 bostiis
414 2765 575 2829 maioribus
597 2777 668 2830 sunt
689 2779 857 2848 procurata,
880 2778 910 2830 et
931 2767 1096 2830 obsecratio
1119 2768 1149 2828 in
1172 2779 1188 2830 t

83 2869 171 2915 unum
198 2853 278 2914 diem
301 2852 412 2932 populo
440 2851 551 2914 indicta
575 2863 606 2914 et
627 2854 813 2917 nouemdiale
835 2871 961 2917 sacrum.
983 2887 1025 2899 -
1047 2852 1150 2916 Sacer·
1172 2865 1187 2912 ἰ

83 2979 282 2994 ᾗσι-ιι·-

146 3055 161 3106 2
178 3069 230 3122 que
248 3053 320 3106 labio
337 3053 379 3121 ΡΙ
392 3058 407 3108 3
426 3054 523 3106 uellent
539 3072 575 3107 ee
593 3055 672 3108 uellet
689 3055 722 3109 P¹
735 3055 773 3123 ll
788 3055 874 3106 lenioo
887 3056 928 3122 Pl
942 3061 957 3109 b
969 3071 1021 3108 rem
1034 3055 1088 3117 (uel
1098 3063 1149 3120 res)

83 3121 188 3184 gessisse
207 3129 228 3187 ς
245 3120 385 3174 recessisse
397 3123 439 3190 ΡΙ
451 3123 468 3175 t
479 3123 601 3176 marcello
613 3141 668 3176 rae.
681 3139 717 3175 eae
728 3123 863 3176 marcellus
875 3125 903 3186 Ρ,
915 3124 964 3175 dal.
978 3123 1087 3190 Madvig
1094 3143 1103 3187 ,·
1115 3139 1148 3177 m.

83 3187 204 3242 ιιιιιιιίιιιιι
216 3189 365 3242 marcellum
376 3191 492 3243 Froben.
508 3192 572 3244 1531
585 3195 638 3257 [m]
651 3191 799 3244 marcellum
813 3191 844 3244 cl.
858 3195 927 3243 coni.
945 3191 1150 3258 Weissenbornll

83 3256 97 3306 9
113 3257 216 3326 antiqui
231 3263 237 3323 Ι
253 3258 368 3310 minutis
387 3260 427 3324 ΡΙ
443 3263 472 3311 tl
490 3264 533 3311 aut
545 3263 565 3325 ς
575 3265 604 3312 ut
616 3261 659 3324 ΡΙ
670 3260 933 3326 temperantioresque
947 3260 1075 3324 Sigonius
1086 3263 1149 3311 tem·

83 3325 1068 3462 dematiliiiiiliil..diiudicatae
1082 3324 1149 3447 iiie·

84 3469 198 3513 censeant
209 3461 253 3529 ΡΙ
268 3465 300 3516 1³
312 3462 446 3515 consulere
456 3481 511 3515 raa.
523 3480 559 3516 ex
570 3463 733 3517 consolerere
744 3463 788 3527 ΡΙ
801 3465 833 3516 tt
845 3463 919 3515 uulso
933 3462 1062 3527 Sigonius
1073 3461 1148 3515 uolso

83 3527 163 3580 Aldus
178 3531 270 3582 ualens
287 3531 334 3597 ΡΙ
349 3533 379 3584 ll
399 3531 552 3584 balimentna
569 3533 613 3597 ΡΙ
626 3535 658 3585 19
676 3530 896 3598 nisinterpellatus
909 3533 934 3583 P
947 3529 957 3598 Ι
971 3533 1004 3584 it
1022 3529 1148 3583 relerente

83 3596 254 3649 Florentius
271 3597 369 3665 repelte
386 3599 474 3662 Ρ123
492 3606 657 3653 mouerentur
673 3599 717 3666 ΡΙ
729 3604 757 3650 ut
783 3600 808 3650 in
827 3606 977 3666 perpetuum
996 3603 1149 3651 nocerentur

84 3663 129 3715 del.
142 3665 311 3718 sommam
328 3667 361 3718 ie
377 3671 433 3718 rei.
446 3683 533 3720 scaen.
549 3684 617 3720 ron.
627 3683 654 3735 p.
668 3669 747 3734 13aq.
761 3667 771 3730 d
783 3669 817 3720 tt
827 3665 931 3734 aliquod
944 3667 986 3733 Pp
1000 3669 1032 3720 26
1044 3665 1148 3719 antefixi

84 3729 122 3798 ΡΙ
133 3735 163 3785 2'l
181 3735 309 3802 anagniae
327 3735 413 3788 Aldus
436 3737 529 3801 angnia
547 3736 579 3787 Ρ1
601 3737 709 3801 anagnia
728 3733 783 3802 Pl
797 3734 906 3801 llagellia
924 3736 967 3803 Pl
979 3737 1011 3789 28
1030 3739 1098 3786 tacta
1116 3735 1149 3787 Ρι

84 3803 159 3852 ueras
175 3801 210 3854 Ρ
221 3801 232 3870 Ι
245 3803 279 3855 29
297 3803 361 3856 ereti
379 3806 399 3867 ς
416 3802 475 3855 lreti
492 3802 536 3872 ΡΙ
547 3805 580 3856 30
598 3819 628 3856 ea
645 3808 665 3870 ς
681 3820 696 3856 ιι
715 3803 757 3871 l'q
771 3803 861 3856 hostiis
880 3801 914 3854 1³·
932 3803 1014 3856 bostis
1032 3803 1063 3855 Ρ1
