2734 4250
103 158 124 192 a.
138 147 191 193 car.
204 148 245 192 aro
518 131 612 185 uella
628 130 720 197 xxvl,
737 134 770 187 39
1134 134 1173 191 45

103 324 177 367 num
200 304 427 383 praefectusque
449 303 575 382 praesidi
597 312 686 384 atque
708 303 785 366 arcis
806 304 845 365 Μ.
860 303 963 365 Liuius
984 306 1014 367 in
1037 324 1176 368 conmea-

102 390 184 453 tibus
205 389 242 449 ah
259 387 356 450 Sicilia
375 388 472 450 missis
492 388 650 462 habehant,
673 390 725 468 qui
746 399 780 450 ut
799 397 864 451 tuto
878 391 1179 470 praeterueherentur
1200 401 1215 453 2

103 492 189 536 oram
206 473 314 547 ltaliae,
336 473 438 535 classis
456 474 562 553 uiginti
584 475 677 535 leuna
700 475 821 536 nauium
840 474 924 554 Regii
945 474 1049 537 stabat.
1093 494 1179 556 prae·
1200 486 1215 536 1

104 569 169 621 erat
183 558 269 621 classi
285 557 559 637 commeatibusque
574 558 608 619 ll.
623 558 791 631 Quinctius,
813 558 941 621 obscuro
960 578 1070 638 genere
1085 572 1177 632 ortus,

65 654 239 707 scelerum
260 643 361 721 multis
382 643 509 705 lortihus
529 643 614 705 lactis
634 644 753 705 militari
782 643 873 724 gloria
897 645 1038 707 inlustris.
1082 647 1179 725 primo
1200 659 1216 707 1

103 730 240 809 quinque
268 746 375 800 naues,
405 746 529 807 quarum
553 728 696 789 maximae
724 729 799 789 duae
821 729 972 801 triremes,
1001 729 1178 792 ahlarcello

104 816 134 876 ei
156 814 281 876 traditae
303 806 424 896 erant[‚
445 808 576 896 hahuit];
599 824 701 893 postea
723 832 786 875 rem
809 814 934 894 impigre
955 834 1043 894 saepe
1063 818 1178 893 gerenti

104 910 167 961 tres
187 899 302 961 additae
324 898 569 977 quinqueremes;
593 907 743 978 postremo
766 899 828 978 ipse
851 918 866 959 a
889 899 977 961 sociis
999 899 1180 981 Reginisque
1202 913 1217 962 5

106 995 138 1047 et
158 1003 175 1045 a
198 983 278 1045 Velia
308 994 338 1044 et
366 1002 383 1043 a
404 983 509 1045 Paesto
540 981 654 1044 debitas
680 1002 717 1045 ex
743 983 863 1045 loedere
890 984 1035 1065 exigendo
1058 985 1178 1048 classem

49 1083 83 1133 10
104 1070 212 1150 uiginti
236 1068 367 1137 nauium,
390 1068 467 1129 sicut
486 1076 556 1129 ante
577 1067 689 1129 dictum
713 1078 766 1141 est,
793 1068 899 1130 ellecit.
936 1070 1007 1131 huic
1028 1069 1065 1131 ab
1088 1071 1181 1151 Regio
1202 1083 1217 1131 6

105 1156 258 1237 proiectae
285 1153 371 1214 classi
399 1153 587 1214 Democrates
615 1171 682 1214 cum
714 1154 776 1234 pari
808 1154 927 1215 nauium
951 1154 1180 1217 Tarentinarum

106 1257 234 1302 numero
256 1235 426 1317 quindecim
447 1237 527 1299 milia
555 1238 648 1300 terme
675 1238 712 1299 ah
741 1238 817 1300 urhe
843 1239 879 1299 ad
902 1240 1104 1320 Sapriportem
1127 1240 1181 1302 oh-

108 1326 176 1387 uius
197 1324 263 1384 luit.
305 1322 380 1383 uelis
407 1331 471 1383 turn
498 1322 576 1384 forte
604 1322 781 1402 inprouidus
809 1324 901 1384 luturi
931 1326 1100 1386 certaminis
1123 1325 1218 1386 llo-7

106 1428 213 1471 manus
236 1406 392 1479 ueniebat;
418 1408 468 1469 sed
491 1408 568 1469 circa
592 1407 753 1469 Crotonem
776 1408 970 1489 Sybarimque
991 1410 1183 1490 suppleuerat

52 1506 86 1557 11
107 1494 232 1573 remigio
257 1493 358 1565 nauis,
380 1492 614 1572 instructamque
636 1503 667 1554 et
688 1502 828 1555 armatam
852 1495 969 1573 egregie
991 1513 1046 1575 pro
1068 1496 1182 1572 magni·

107 1580 212 1642 tudine
227 1577 348 1639 nauium
363 1577 485 1639 classem
501 1576 645 1651 habebat;
667 1586 697 1639 et
717 1588 781 1639 tam
803 1580 880 1640 sorte
902 1578 958 1641 sub
975 1580 1051 1641 idem
1066 1588 1184 1660 tempus
1205 1594 1220 1644 8

107 1675 139 1726 et
159 1664 243 1725 uenti
265 1662 311 1723 uis
326 1662 425 1723 omnis
446 1662 552 1723 cecidit
573 1671 604 1723 et
617 1664 719 1725 hostes
741 1664 770 1724 in
791 1672 952 1743 conspectu
976 1665 1069 1735 luere,
1091 1674 1125 1725 ut
1146 1667 1182 1728 ad

107 1748 315 1829 componenda
337 1757 519 1809 armamenta
542 1747 819 1828 expediendumque
841 1750 983 1829 remigem
1006 1768 1041 1811 ac
1062 1750 1182 1811 militem

107 1836 143 1897 ad
166 1833 327 1895 imminens
347 1841 498 1893 certamen
526 1832 596 1893 satis
619 1834 761 1912 temporis
782 1842 869 1895 esset.
913 1852 981 1896 raro
1004 1834 1074 1897 alias
1095 1836 1221 1897 tantiss

53 1918 215 1982 menimis
243 1917 337 1979 iustae
365 1925 587 1979 concurrerunt
615 1915 738 1991 classes,
768 1919 878 1998 quippe
908 1938 976 1981 cum
1005 1922 1036 1981 in
1066 1921 1184 1983 maioris

107 2004 268 2067 discrimen
292 2003 345 2074 rei,
368 2021 456 2082 quam
478 2003 558 2081 ipsae
573 2011 668 2075 erant,
691 2012 875 2082 pugnarent:
898 2004 1061 2074 Tarentini,
1084 2014 1237 2067 utre-10

108 2096 248 2173 caperata
265 2086 339 2149 urhe
355 2088 392 2149 ab
404 2087 545 2151 Romanis
560 2096 628 2168 post
642 2088 837 2150 centesimum
853 2107 946 2171 prope
960 2108 1071 2152 annum
1087 2108 1185 2152 arcem

109 2175 198 2237 etiam
220 2172 399 2244 liberarent,
427 2192 481 2253 spe
503 2181 685 2234 commeatus
714 2191 835 2253 quoque
864 2175 1012 2246 hostibus,
1041 2177 1065 2237 si
1088 2177 1186 2236 nauali

110 2260 225 2341 proeho
247 2258 467 2339 possessionem
482 2259 572 2320 maris
586 2257 776 2329 ademissent,
800 2259 1029 2334 interclusuros;
1051 2260 1187 2330 Romani,
1210 2269 1237 2320 11

56 2358 87 2408 11
109 2355 143 2408 ut
163 2354 280 2406 retenta
310 2344 497 2423 possessione
524 2345 600 2404 arcis
629 2343 822 2405 ostenderent
851 2363 911 2406 non
941 2343 972 2407 ui
1001 2363 1035 2405 ac
1063 2347 1185 2418 uirtute,

109 2431 163 2492 sed
190 2428 362 2511 proditione
389 2446 423 2489 ac
445 2429 526 2490 lurto
548 2428 710 2489 'l'arentum
733 2429 882 2490 amissum.
926 2429 1026 2509 itaque
1049 2449 1085 2492 ex
1106 2438 1188 2492 utra-
1210 2439 1238 2490 11

110 2534 170 2595 que
192 2523 277 2594 parte
298 2513 385 2593 signo
407 2513 475 2574 dato
504 2531 571 2574 cum
594 2514 700 2575 rostris
729 2513 953 2576 concurrissent
981 2532 1079 2594 neque
1108 2522 1187 2577 retro

111 2617 220 2663 nauem
241 2598 413 2661 inhiberent
434 2617 492 2660 nec
513 2597 611 2660 dirimi
632 2598 669 2659 ah
693 2617 724 2660 se
745 2598 861 2661 hostem
885 2607 1073 2679 paterentur,
1099 2619 1188 2679 quam

110 2685 179 2766 quis
200 2685 341 2763 indeptus
365 2701 472 2745 nauem
493 2692 571 2755 erat,
599 2685 694 2745 ferrea
716 2684 824 2746 iniecta
846 2702 953 2756 manu,
981 2685 1021 2746 ita
1048 2704 1188 2746 consere-

58 2785 88 2834 1)
109 2771 183 2832 hant
212 2787 249 2830 ex
278 2769 450 2848 propinquo
477 2786 626 2848 pugnam,
657 2779 691 2828 ut
719 2787 780 2830 non
807 2769 966 2831 missilibus
993 2779 1108 2832 tantum
1137 2772 1189 2833 sed

111 2854 216 2936 gladiis
238 2853 327 2914 eliam
351 2872 444 2935 prope
467 2852 587 2914 conlato
609 2853 685 2933 pede
707 2862 862 2932 gereretur
883 2873 940 2916 res.
984 2873 1091 2936 prorae
1113 2856 1192 2918 inter
1212 2864 1241 2915 11

111 2960 144 3002 se
166 2941 288 3001 iunctae
312 2936 483 3011 haerebant,
504 2955 620 3019 puppes
642 2938 740 3000 alieno
763 2940 886 3019 remigio
903 2940 1190 3021 circumagebantur.

111 3027 152 3087 ita
173 3024 205 3086 in
228 3031 293 3084 arto
316 3024 442 3103 stipatae
464 3033 551 3084 erant
573 3041 681 3097 naues,
708 3033 741 3084 ut
762 3025 812 3085 uix
836 3024 926 3085 ullum
950 3026 1040 3087 telum
1064 3027 1094 3087 in
1118 3028 1190 3088 mari

112 3126 225 3172 uanum
247 3108 456 3184 intercideret;
486 3108 635 3169 frontibus
663 3107 746 3170 uelut
770 3109 923 3189 pedestres
945 3111 1023 3173 acies
1044 3111 1192 3190 urgebant

182 3263 194 3311 l
216 3255 422 3326 praefectusque
440 3257 483 3324 ΡΙ
495 3257 615 3324 praesidii
633 3275 669 3310 esc
688 3257 842 3323 praesidium
858 3260 911 3321 P¹l
926 3259 1008 3311 leuius
1021 3258 1062 3326 Pl
1076 3261 1091 3312 3
1104 3261 1191 3313 horam

114 3328 147 3380 P·
163 3327 317 3379 horahorarn
335 3327 368 3378 P¹
380 3326 419 3393 11
438 3327 528 3378 classis
545 3324 587 3393 Pl
600 3327 717 3393 quintius
733 3328 803 3389 ΡΗ
823 3334 935 3379 celerum
954 3343 989 3377 ee
1007 3332 1114 3379 tetemnr
1134 3329 1164 3380 P¹
1182 3330 1192 3397 q

112 3395 237 3448 anaante
265 3395 300 3459 Ρ,
323 3395 464 3446 delmdcm
484 3398 636 3460 auspicatae
660 3398 700 3444 eat
720 3393 829 3456 Duker,
856 3395 905 3446 del.
929 3395 1039 3460 Madvig
1054 3395 1065 3463 Ι
1082 3398 1097 3449 9
1115 3397 1191 3450 cellia

112 3467 136 3516 Ρ
150 3465 161 3531 Ι
174 3469 266 3531 paesto
293 3460 374 3516 Gran.
396 3465 407 3525 (
426 3469 483 3514 esto
501 3461 659 3520 Sabellicus)
673 3464 747 3527 pesio
765 3463 934 3531 Plelassern
952 3463 1043 3528 uiginti
1063 3464 1102 3516 ed
1120 3465 1192 3531 Meg.

112 3533 196 3585 classe
215 3545 265 3582 aar
286 3529 329 3598 ΡΙΙ
344 3534 375 3584 10
393 3479 479 3583 ebech
491 3535 510 3595 ς
521 3527 602 3581 elhelt
614 3530 656 3594 Pp
671 3533 700 3582 ll
716 3531 769 3596 pari
783 3528 891 3583 0161111·
903 3531 957 3598 pari
969 3530 1046 3582 classi
1059 3531 1099 3600 Pll
1111 3538 1193 3586 teren-

112 3601 223 3653 linantur
242 3601 267 3649 P
285 3596 296 3663 Ι
314 3601 346 3652 12
364 3599 443 3650 millia
460 3599 552 3662 Pllil
573 3605 625 3648 torn
651 3598 717 3650 lorte
740 3599 789 3650 dal.
818 3598 999 3666 Wesenbergl
1013 3601 1045 3652 14
1062 3611 1193 3655 crotonem

112 3686 148 3721 aar
168 3679 308 3720 crocoaem
325 3667 359 3719 P
380 3665 434 3735 ΗΞ)
454 3666 520 3717 areis
538 3668 561 3717 P
577 3667 634 3732 l²⁶
651 3671 792 3718 terrentem
810 3666 857 3734 ΡΙΙ
871 3669 903 3720 28
924 3667 1043 3719 hostilem
1065 3673 1167 3722 contero

112 3740 143 3793 tl
164 3735 259 3804 gladiis
276 3734 311 3786 Ρ
328 3736 425 3801 gradile
441 3733 495 3800 P¹l
508 3742 640 3799 gereretur
654 3733 737 3786 Groa.
750 3742 898 3802 quereretur
908 3735 932 3785 P
942 3736 951 3801 ll
967 3749 1008 3787 res
1018 3736 1059 3800 P¹,
1077 3738 1127 3789 cst
1140 3739 1174 3790 P¹

113 3821 188 3872 prore
206 3802 288 3869 Phar
305 3803 431 3856 herebant
442 3801 488 3868 Pl
504 3803 537 3855 33
554 3802 618 3854 mari
636 3803 660 3852 P
673 3816 742 3854 mare
760 3803 971 3855 Forcdlrcmmer
985 3803 995 3870 ΙΙ
1011 3805 1045 3856 34
1062 3805 1193 3872 pedestres
