2734 4250
171 58 212 119 80
554 58 649 113 UBER
666 57 756 126 XXVl,
774 62 815 114 25.
834 62 867 114 tt
1039 85 1060 119 a.
1075 87 1098 119 ιι.
1113 86 1133 119 c.
1148 76 1195 119 tta
1209 77 1249 118 att

171 235 278 306 rebus,
306 234 336 295 in
359 232 560 295 Macedoniam
583 243 672 314 atque
699 234 768 295 inde
797 235 827 296 in
851 231 1006 295 Thraciam
1029 233 1193 294 exercitum
1216 250 1251 293 ac

133 319 289 381 tllaedos
311 318 411 395 duxit..
448 319 601 381 incurrere
623 338 657 381 ea
686 338 761 399 gens
789 320 820 381 in
842 316 1042 380 Macedoniam
1065 318 1151 379 solita
1175 326 1250 391 erat,

171 404 223 466 uhi
237 422 339 483 regem
351 414 526 483 occupatum
539 412 663 466 externo
673 404 753 466 hello
764 422 798 466 ac
810 406 875 467 sine
886 403 1033 485 praesidio
1045 421 1109 466 esse
1119 420 1250 483 regnum

133 500 148 552 ι
170 490 319 553 sensisset
362 489 397 551 ad
424 490 604 567 frangendas
626 490 718 568 igitur
739 490 819 553 uires
841 499 958 551 uastare
981 508 1068 570 agros
1089 497 1120 550 et
1140 487 1250 549 urbem

170 575 435 655 Iamphorynnam,
458 583 549 655 caput
569 592 728 653 arcemque
750 574 913 647 Maedicae,
942 592 1116 656 oppugnare
1139 572 1287 654 coepita

134 670 150 721 t
172 660 284 741 Scopas
305 658 355 721 ubi
378 660 581 742 proiectum'
574 679 604 721 ιιι
627 659 781 722 Thraciam
812 678 913 738 regem
944 668 1183 741 occupatumque
1206 656 1249 719 ibi

171 745 249 807 hello
271 744 393 818 audiuit,
416 752 526 805 armata
542 746 625 807 omni
643 745 799 807 iuuentute
813 744 985 807 Aetolorum
1001 745 1112 807 bellum
1135 744 1251 806 inierre

119 838 150 891 to
170 830 354 893 Acarnaniae
376 839 468 910 parat.
504 829 647 892 aduersus
669 848 745 909 quos
760 833 950 892 Acarnanum
974 849 1057 911 gens,
1080 837 1110 891 et
1131 828 1251 891 uiribus

171 918 266 997 impar
293 924 323 978 et
350 915 408 976 iam
430 914 577 977 Oeniadas
598 915 783 1014 Nassumque
805 915 926 978 amissas
947 934 1076 978 cernens
1097 914 1251 975 Romana·

171 1020 229 1081 que
250 1001 375 1081 insuper
396 1018 476 1061 arma
498 1000 654 1079 ingruere,
682 1001 725 1061 ira
748 1001 840 1082 magis
862 1001 983 1063 instruit
1003 1018 1092 1080 quam
1120 998 1249 1062 consilio
1272 1010 1299 1061 to

119 1094 147 1145 ιι
169 1087 290 1149 bellum.
334 1084 512 1164 coniugibus
533 1085 694 1165 liberisque
723 1098 753 1147 et
779 1085 948 1148 senioribus
976 1104 1067 1167 super
1094 1085 1250 1163 sexaginta

171 1190 267 1234 annos
289 1171 319 1233 in
343 1171 541 1251 propinquam
563 1170 687 1250 Epirum
711 1171 821 1242 missis,
850 1172 887 1232 ab
910 1171 1079 1251 quindecim
1103 1170 1139 1231 ad
1162 1187 1251 1231 sexa-

120 1265 149 1317 ιι
169 1258 251 1338 ginta
265 1275 362 1319 annos
376 1256 536 1317 coniurant
550 1255 607 1317 nisi
624 1256 755 1317 uictores
769 1275 801 1319 se
817 1274 878 1319 non
897 1256 1059 1319 redituros:
1082 1256 1135 1336 qui
1150 1255 1251 1318 uictus

172 1343 234 1404 acie
248 1342 430 1415 excessisset,
446 1359 514 1403 eum
531 1360 569 1403 ne
584 1342 651 1420 quis
665 1341 749 1414 urbe,
765 1351 856 1415 tecto,
874 1360 986 1411 mensa,
1007 1342 1068 1403 lara
1090 1340 1249 1422 reciperet,

171 1427 264 1489 diram
286 1426 504 1488 execrationem
527 1427 558 1488 in
574 1426 736 1507 popularis,
760 1428 987 1507 optestationem
1010 1444 1098 1506 quam
1122 1425 1260 1493 sanctis·
1272 1434 1299 1484 tt
1359 1440 1360 1481 3

120 1521 149 1572 ιι
169 1514 273 1577 simam
296 1519 460 1592 potuemnt
486 1511 629 1573 aduersus
656 1511 789 1609 hospites
817 1522 1051 1593 composuerunt
1072 1511 1249 1591 precatique

172 1597 259 1659 simul
281 1596 418 1677 Epirotas
439 1606 519 1669 sunt,
540 1605 589 1670 ut,
617 1597 668 1676 qui
691 1614 813 1659 suorum
836 1597 867 1658 in
889 1599 952 1659 acie
974 1596 1166 1669 cecidissent,
1197 1614 1250 1657 eus

120 1692 149 1743 ιι
169 1701 233 1744 uno
254 1681 369 1744 tumulo
391 1690 587 1779 contegerent
601 1680 864 1761 adscriberentqne
881 1683 1009 1744 humatis
1029 1682 1165 1744 titulum:
1187 1674 1250 1741 ‘hic

172 1767 221 1831 siti
234 1775 306 1829 sunt
320 1770 499 1838 Acarnanes,
518 1768 569 1846 qui
584 1767 727 1828 aduersus
742 1767 802 1828 uim
817 1777 916 1870 atque
920 1767 1059 1829 iniuriam
1073 1766 1250 1829 Aetolorum

120 1861 149 1914 ιι
170 1871 226 1949 pro
247 1852 342 1949 patria
363 1859 531 1949 pugnantes
546 1862 672 1914 mortem
691 1842 916 1914 occubuerunt’
955 1870 1010 1933 per
1024 1853 1098 1913 haec
1118 1851 1251 1914 incitatis
1271 1860 1299 1912 ιι

172 1938 278 2000 animis
299 1946 393 1999 castra
415 1938 445 1999 in
469 1938 608 2011 extremis
629 1936 740 1999 tinibus
761 1938 823 1999 suis
849 1936 936 1999 obuia
965 1937 1043 1999 hosti
1070 1946 1248 2018 posuerunt.

172 2022 286 2086 nuntiis
307 2023 342 2084 ad
365 2022 534 2102 Philippum
556 2022 667 2095 missis,
699 2031 809 2101 quanto
837 2040 886 2085 res
911 2023 942 2083 in
965 2022 1136 2083 discrimine
1158 2030 1248 2093 esset,

172 2108 309 2172 omittere
323 2106 493 2189 Philippum
509 2106 549 2182 id,
564 2108 645 2188 quod
658 2107 690 2169 in
714 2106 852 2170 manibus
868 2118 939 2183 erat,
955 2116 1121 2186 coegerunt
1134 2106 1246 2169 bellum

171 2195 367 2276 lamphoryna
390 2212 444 2274 per
465 2192 645 2255 deditionem
664 2201 784 2274 recepta
806 2202 836 2255 et
858 2211 1003 2274 prospero
1026 2193 1083 2256 alio
1105 2211 1247 2255 successu

121 2291 280 2343 tererem.
330 2279 501 2341 Aetolorum
533 2278 676 2359 impetum
710 2279 879 2341 tardauerat
905 2279 1001 2360 primo
1030 2278 1247 2340 coniurationis
1269 2287 1297 2338 lt

170 2367 247 2428 fama
259 2364 470 2438 Acarnanicae,
482 2363 589 2425 deiude
600 2364 719 2425 auditus
730 2363 856 2445 Philippi
868 2363 1014 2425 aduentus
1025 2363 1142 2442 regredi
1157 2364 1245 2424 etiam

121 2462 149 2513 tt
170 2451 201 2512 in
224 2451 346 2512 intimos
367 2450 465 2530 coegit
485 2449 562 2511 finis.
607 2468 663 2511 nec
684 2448 847 2530 Philippus,
871 2466 1058 2528 quamquam,
1081 2467 1120 2509 ne
1142 2448 1246 2528 oppri-

171 2542 327 2598 merentur
348 2536 533 2607 Acarnanes,
556 2534 713 2596 itineribus
733 2535 849 2613 magnis
876 2535 963 2607 ierat,
991 2533 1068 2594 ultra
1090 2533 1178 2594 llium
1202 2542 1248 2594 est

172 2637 355 2702 progressus
398 2619 483 2691 inde,
511 2637 579 2681 cum
602 2619 733 2681 audisset
753 2619 880 2680 reditum
903 2618 1074 2680 Aetolorum
1095 2637 1130 2679 ex
1153 2620 1246 2680 Acar·

172 2706 271 2776 nania,
293 2704 408 2785 etipse
430 2703 540 2765 Pellam
562 2705 659 2766 rediit.
1266 2715 1294 2767 at
1349 2731 1360 2794 q

120 2797 159 2854 26
259 2789 408 2851 Laeuinus
421 2788 501 2851 ueris
515 2789 664 2870 principio
678 2807 694 2850 a
707 2788 834 2870 Corcyra
848 2789 1000 2868 profectus
1015 2787 1141 2851 nauibus
1154 2807 1246 2870 supe·

172 2917 375 2928 ..-----—

241 2992 256 3042 2
274 2988 380 3041 uieedos
396 2990 439 3057 ΡΙ
451 2989 599 3043 macedonia
617 2990 689 3054 1³14
707 2988 738 3042 ed
756 2989 908 3057 frangendas
926 2989 1005 3056 igitur
1021 2989 1118 3054 uires(
1107 2989 1163 3054 (ael
1179 2988 1247 3043 iren·

173 3057 269 3128 gendes
286 3058 366 3124 igitur
382 3058 450 3111 uires
467 3061 548 3123 retus)
565 3059 677 3124 Madvig
694 3058 754 3110 Eae.
772 3058 830 3110 ιιι.
840 3059 893 3112 378
909 3057 940 3109 ed
959 3056 1112 3123 frangendas
1129 3059 1209 3124 igitur
1226 3060 1251 3111 P

172 3128 203 3180 ed
222 3125 377 3192 lrengendos
391 3127 470 3208 igitur
488 3134 509 3191 ς
525 3127 613 3179 Fater·
624 3126 656 3177 ed
668 3126 823 3191 frangendos
834 3126 914 3191 igitur
926 3126 1031 3192 spiritus
1043 3126 1252 3191 Friedersdorff

171 3195 203 3249 ad
225 3194 391 3262 frangendam
415 3195 493 3261 igitur
516 3197 561 3258 (so.
579 3199 692 3261 gentem)
715 3193 917 3260 Alschesslu'lh
935 3199 1041 3261 artemq.
1065 3193 1180 3246 medicae
1198 3195 1247 3263 ΡΙ

172 3278 321 3384 aaut
335 3262 1115 3399 {ethtttttt‘thttttdttqtldtrdtt
1129 3267 1247 3384 atti:

171 3415 226 3520 ιὲιιιι
244 3401 291 3464 Pl
304 3401 405 3520 lisqaos
427 3404 448 3462 ς
471 3398 540 3467 quod
557 3413 598 3518 sed
611 3399 914 3519 Ριιιιιιιιοιιιιιιιιιιθρ
895 3398 935 3465 l9
953 3397 1075 3517 oeniadqq
1096 3403 1248 3464 praeeunte

172 3469 307 3600 ..Ἤ
323 3466 809 3604 ,stm'rt‘tttqlstttt
827 3480 1051 3602 ,ι’ἶὲιιιῖῗὲῗξῗι
1108 3469 1247 3587 tt‘td

172 3605 287 3669 berentq
314 3603 338 3654 P
360 3603 526 3670 adhiberent
528 3618 561 3655 ue
588 3607 608 3669 ς
636 3603 816 3670 adicerentque
843 3603 1029 3655 Weissenborn
1050 3601 1247 3672 adfigerentque

172 3671 283 3735 Madvig
300 3669 339 3721 ed.
350 3671 432 3723 1er2
448 3671 620 3740 addereutque
638 3671 708 3722 idem
722 3671 778 3723 Em.
788 3670 846 3723 Lio.
856 3671 929 3737 atel
944 3673 975 3724 19
987 3685 1091 3722 acernea
1103 3671 1147 3738 ΡΙΙ
1160 3672 1194 3725 ²4
1210 3671 1248 3724 dt-

174 3740 269 3790 tiouem
287 3738 329 3804 Pl
342 3741 374 3793 25
392 3739 551 3791 aetholornm
570 3741 613 3806 Pl
625 3741 658 3794 28
675 3753 826 3792 ercernenes
843 3739 885 3808 Pl
899 3741 931 3794 29
949 3739 1083 3791 arcanenie
1101 3739 1126 3790 P
