2734 4250
188 117 227 175 56
578 113 672 167 LIBER
689 114 755 178 xxi,
774 116 814 167 58.
828 117 860 168 59
1129 130 1259 171 ens-tm

52 355 54 358 ,
150 301 165 350 o
187 299 217 351 et
239 288 333 350 oculis
354 295 434 348 metu
458 303 562 347 omnes
584 294 713 365 torpere.
750 286 869 346 tandem
890 285 985 346 effuso
1007 285 1112 358 imbre,
1135 302 1202 347 cum
1224 303 1260 345 eo

186 373 279 454 magis
302 389 426 434 accensa
448 371 493 432 uis
517 371 598 432 uenti
621 380 714 442 esset,
742 370 808 450 ipso
830 370 896 444 illo,
924 388 983 448 quo
1006 369 1145 450 deprensi
1167 379 1259 432 erant.

150 472 164 520 1
186 459 253 522 loco
269 467 364 519 castra
379 473 492 537 ponere
508 457 708 518 necessarium
722 456 820 517 uisum
836 463 889 517 est.
922 455 951 516 id
966 474 1040 516 uero
1055 454 1165 516 laboris
1178 455 1262 516 uelut

187 544 223 605 de
246 544 362 622 integro
386 541 501 603 initium
523 540 593 602 suit:
619 559 685 603 nam
709 559 767 602 nec
787 540 934 620 explicare
956 541 1116 620 quicquam
1131 558 1187 601 nec
1201 549 1261 600 sta·

187 636 272 689 tuere
294 634 433 707 poterant
455 642 519 701 nec,
543 627 622 704 quod
644 634 785 688 statutum
805 635 892 700 esset,
915 624 1053 686 manebat
1072 625 1172 686 omnia
1193 643 1259 704 per·
1281 635 1295 683 5

150 723 165 774 8
186 713 341 775 scindente
362 719 454 773 uento
477 719 506 771 et
527 711 670 790 rapiente.
715 721 746 772 et
766 729 836 772 mox
863 728 938 790 aquo
961 711 1057 772 leuata
1079 718 1171 772 uento
1193 727 1261 769 cum

187 816 278 878 super
292 797 387 877 gelida
401 796 548 858 montium
565 796 631 875 iuga
648 805 786 858 concreta
801 805 888 870 esset,
903 804 1018 857 mutum
1033 796 1156 857 niuosae
1170 811 1262 873 gran·

187 883 265 944 dinis
288 881 408 952 deiecit,
432 889 465 942 ut
487 881 625 943 omnibus
648 880 764 943 omissis
784 881 1019 961 procumberent
1039 879 1177 941 homines
1197 887 1263 958 teg·

150 966 318 1028 ominibus
346 966 407 1027 suis
434 965 527 1045 magis
558 965 656 1026 obruti
685 984 773 1044 quam
796 965 881 1041 tecti;
909 974 1049 1045 tantaque
1071 966 1118 1027 uis
1143 964 1266 1042 frigoris

188 1053 321 1114 insecuta
349 1059 408 1122 est,
438 1059 472 1112 ut
499 1069 535 1111 ex
563 1050 611 1112 illa
639 1050 798 1112 miserabili
826 1051 980 1112 bominum
1003 1052 1266 1128 iumentorumque
1285 1058 1312 1108 to

187 1145 286 1216 strage
308 1154 375 1196 cum
391 1154 423 1197 se
445 1135 571 1214 quisque
594 1135 728 1197 attollere
751 1153 785 1196 ac
805 1135 906 1196 leuare
920 1136 1019 1209 uellet,
1042 1135 1092 1195 diu
1115 1134 1265 1213 nequiret,

187 1221 257 1300 quia
290 1219 479 1301 torpentibus
512 1221 612 1299 rigore
644 1221 747 1282 neruis
778 1221 827 1281 uix
854 1221 973 1282 llectere
1006 1229 1088 1282 amus
1113 1227 1265 1299 poterant.

136 1316 164 1367 to
186 1306 308 1378 deinde,
339 1315 373 1366 ut
393 1306 512 1367 tandem
535 1306 672 1384 agitando
702 1324 767 1367 sese
789 1323 910 1367 mouere
933 1323 967 1367 ac
993 1306 1125 1384 recipere
1147 1303 1267 1365 animos

187 1401 216 1453 et
238 1392 313 1453 raris
334 1390 407 1452 locis
422 1391 500 1470 ignis
522 1391 586 1451 fieri
602 1400 645 1451 est
668 1399 801 1470 coeptus,
823 1390 859 1451 ad
877 1391 1003 1452 alienam
1025 1407 1113 1469 opem
1135 1390 1266 1468 quisque

139 1484 164 1537 11
187 1477 276 1556 inops
297 1475 431 1537 tendere.
469 1475 589 1536 biduum
606 1494 642 1536 eo
664 1475 731 1536 loco
754 1475 837 1536 uelut
858 1475 971 1537 obsessi
994 1492 1139 1536 mansere.
1177 1475 1267 1534 multi
1288 1482 1313 1532 1⁵

186 1561 333 1633 homines,
356 1560 447 1620 multa
469 1560 609 1633 iumenta,
636 1560 785 1641 elephanti
808 1561 928 1639 quoque
951 1579 987 1621 er
1008 1559 1052 1632 iis,
1074 1560 1126 1638 qui
1147 1559 1266 1644 proelio

186 1647 221 1706 ad
244 1645 379 1707 Trebiam
404 1646 481 1705 lacto
503 1645 723 1724 superfuerant,
745 1655 858 1724 septem
881 1644 1038 1725 absumpti.

135 1735 172 1792 511
272 1731 435 1808 Degrcssus
451 1730 629 1809 Appennino
652 1739 733 1791 retro
755 1730 792 1790 ad
804 1729 985 1792 Placentiam
1007 1738 1101 1791 castra
1124 1729 1222 1790 mouit
1237 1739 1269 1790 et

187 1815 222 1874 ad
251 1813 353 1875 decem
383 1813 459 1874 milia
487 1833 663 1894 progressus
690 1815 833 1877 consedit
881 1823 1002 1894 postero
1029 1814 1076 1876 die
1105 1813 1267 1875 duodecim

149 1907 163 1957 1
186 1897 264 1959 milia
285 1897 434 1979 peditum,
464 1899 597 1978 quinque
620 1899 752 1979 equitum
775 1900 918 1962 aduersus
940 1900 1056 1962 bostem
1078 1898 1176 1973 ducit;
1207 1917 1268 1961 nec
1289 1909 1315 1958 m

187 1983 381 2062 Sempronius
396 1984 501 2046 consul
512 2019 554 2029 —
569 1985 624 2046 iam
641 1984 721 2046 enim
738 1985 865 2046 redierat
879 1984 916 2045 ab
932 1985 1024 2046 Roma
1037 2017 1075 2027 -
1088 1984 1269 2046 detrectabit

186 2077 346 2130 certamen.
390 2078 479 2149 atque
508 2089 544 2132 eo
575 2070 622 2132 die
650 2069 706 2131 tria
728 2069 807 2132 milia
833 2088 952 2150 passum
974 2069 1053 2131 inter
1073 2068 1145 2131 bina
1167 2078 1268 2131 casua
1355 2099 1360 2117 ι

147 2154 285 2228 aluere3
316 2163 436 2233 postero
460 2156 507 2217 die
528 2154 701 2233 ingentibus
724 2154 830 2217 animis
857 2156 941 2217 uario
963 2164 1074 2217 euentu
1096 2164 1268 2233 pugnatum
1358 2173 1361 2236 ¹*

186 2248 238 2300 est.
275 2238 371 2320 primo
393 2258 541 2302 concursu
563 2240 636 2301 adeo
660 2259 708 2301 res
731 2241 865 2302 Romana
886 2239 1023 2319 superior
1043 2239 1117 2312 luit,
1143 2246 1266 2302 utnon

185 2316 247 2385 aei'e
263 2324 420 2387 uincerent
439 2326 544 2399 solum,
566 2326 617 2386 sed
639 2325 742 2405 pulsos
763 2326 864 2387 hostes
884 2327 914 2387 in
933 2334 1027 2386 castra
1042 2342 1268 2404 persequeren-
1290 2335 1318 2385 23
1362 2365 1364 2420 1

147 2419 249 2483 turc,
277 2428 345 2471 mox
368 2418 461 2472 castra
485 2428 604 2490 quoque
633 2420 852 2489 oppugnarent.
896 2409 1044 2470 Hannibal
1065 2410 1168 2489 paucis
1189 2428 1268 2489 pro-

185 2495 400 2574 pugnatoribus
428 2495 458 2555 in
489 2494 566 2556 uallo
594 2494 747 2575 portisque
774 2494 880 2575 positis
906 2503 1023 2556 ceteros
1048 2496 1204 2555 consertos
1235 2496 1267 2557 in

185 2579 278 2641 media
302 2589 397 2640 castra
419 2579 540 2658 recepit,
563 2580 755 2659 intentosque
775 2580 893 2659 signum
915 2580 950 2641 ad
972 2580 1189 2659 erumpendum
1213 2599 1270 2642 ex·

147 2674 161 2723 o
183 2672 316 2743 spectare
338 2663 429 2725 iubet.
465 2664 522 2724 iam
540 2682 619 2725 nona
643 2666 735 2727 terme
749 2665 806 2726 diei
828 2665 902 2726 hora
924 2673 996 2740 erat,
1018 2682 1087 2727 cum
1108 2664 1270 2728 Romanus

186 2749 363 2827 nequiquam
386 2748 504 2827 fatigato
527 2749 633 2824 milite,
662 2760 819 2829 postquam
842 2749 922 2811 nulla
951 2769 1019 2829 spes
1041 2756 1104 2811 erat
1125 2749 1269 2829 potiundi
1292 2759 1322 2809 ao

147 2832 302 2907 cleastris,
336 2832 455 2911 signum
482 2834 615 2913 receptui
642 2833 730 2896 dedit.
782 2836 861 2914 quod
891 2835 942 2896 ubi
970 2833 1120 2896 Hannibal
1147 2837 1272 2916 accepit

184 2916 368 2996 laxatamque
383 2935 514 2998 pugnam
530 2928 559 2980 et
574 2937 724 2981 recessum
740 2940 756 2981 a
772 2920 875 2981 castris
889 2920 973 2993 uidit,
990 2918 1138 3000 extemplo
1155 2921 1271 2998 equiti·

184 3001 240 3063 bus
255 3001 358 3062 dextra
373 3002 515 3082 laeuaque
538 3004 650 3066 emissis
664 3004 695 3065 in
711 3005 827 3067 bostem
842 3006 906 3084 ipse
921 3023 988 3066 cum
1003 3005 1135 3086 peditum
1151 3004 1272 3066 robore

147 3098 160 3146 t
183 3086 287 3149 mediis
310 3088 412 3149 castris
435 3089 541 3168 erupit.
580 3107 679 3169 pugna
696 3108 764 3150 raro
787 3089 878 3169 magis
892 3090 951 3151 ulla
966 3108 1055 3151 saeua
1077 3098 1128 3150 aut
1150 3090 1272 3153 utrius·

269 3240 284 3289 2
303 3238 373 3291 uenti
391 3237 425 3288 1³²
449 3238 515 3290 senti
534 3238 564 3288 P¹
577 3237 615 3306 l3
635 3239 692 3291 loca
704 3239 746 3305 Pl
760 3240 960 3291 nceecessarium
979 3240 1019 3302 P¹‚
1038 3255 1108 3291 corr.
1121 3237 1207 3307 Ple
1228 3240 1271 3293 le·
1363 3231 1364 3256 ¹

183 3310 244 3357 nato
261 3306 331 3372 Pl't
351 3305 461 3371 gelidam
480 3306 521 3368 P¹,
539 3322 609 3358 corr.
628 3306 684 3374 P‘l
697 3312 784 3359 essent
802 3306 844 3373 Pl
860 3309 889 3358 10
907 3307 977 3359 illam
997 3308 1038 3372 Pl
1054 3310 1082 3361 11
1103 3310 1206 3373 estrage
1224 3309 1271 3377 Pl
1363 3327 1364 3340 ¹

184 3375 215 3426 12
235 3373 389 3425 torrentibus
402 3374 444 3442 Pl
456 3374 531 3439 υἰκς
557 3374 611 3425 suis
623 3375 666 3495 Pl
680 3377 711 3427 13
727 3372 793 3435 fert.
810 3376 909 3427 animos
926 3374 1122 3443 <potneruntll
1138 3378 1168 3427 11
1186 3376 1270 3430 locus
1363 3429 1364 3434 ,

182 3439 218 3507 ΡΙ
238 3456 334 3507 coepas
352 3442 394 3507 Pl
409 3444 440 3496 16
457 3442 508 3494 biis
526 3440 567 3509 Pl
585 3446 614 3495 l'l
634 3457 647 3493 a
667 3442 762 3511 sumpti
780 3442 821 3510 Pl
837 3445 867 3496 18
887 3442 1017 3507 digressus
1030 3443 1071 3510 Pl
1087 3446 1119 3495 19
1136 3446 1172 3494 ἰῖι
1190 3444 1269 3497 milia

183 3511 206 3560 P
250 3510 282 3561 22
301 3508 385 3575 adque
404 3508 451 3579 Pl
471 3512 504 3563 25
523 3510 613 3575 pulsus
630 3510 679 3578 Pl
699 3512 730 3564 28
748 3515 883 3576 expectare
901 3511 1054 3563 Fleckeisen
1080 3517 1198 3578 spectare
1217 3512 1271 3581 Pl

183 3578 215 3628 29
234 3590 279 3627 ora
297 3578 320 3627 P
336 3575 346 3642 l
363 3578 395 3627 30
419 3577 604 3643 necquicquam
623 3578 663 3645 Pl
677 3578 746 3629 nulle
765 3576 799 3629 1²²
825 3577 921 3631 nnllam
938 3579 970 3630 P¹
981 3578 992 3647 l
1005 3580 1038 3631 33
1057 3578 1150 3631 robore
1168 3579 1270 3633 mediis

184 3643 291 3708 Lipsius
318 3643 469 3709 roboreldils
487 3644 523 3694 P¹
550 3644 643 3697 robore
662 3645 694 3697 de
715 3645 755 3697 bis
773 3645 810 3696 P²
836 3646 927 3698 robore
946 3660 960 3698 e
978 3646 1068 3698 mediis
1085 3647 1270 3715 [Ποσει

184 3712 218 3761 34
230 3723 306 3761 saeua
317 3708 396 3760 Valla
410 3715 435 3760 et
446 3710 556 3775 Madvig
582 3727 613 3763 ae
625 3713 649 3762 P
671 3727 731 3765 neca
745 3714 846 3777 (aequal
858 3714 1020 3781 bionnager
1036 3714 1113 3765 dubia
1123 3717 1186 3778 (cm.
1195 3715 1269 3781 nlla)

186 3776 267 3827 Gron.
282 3776 352 3827 uaria
361 3775 541 3828 Luterbacher
559 3778 606 3830 bac
615 3784 659 3830 aut
668 3780 785 3845 pertinax
795 3779 956 3843 Nooolrlant
966 3780 1123 3832 PstNooak
1139 3786 1166 3834 et
1176 3782 1267 3836 Vallo
