2734 4250
181 146 201 206 2
582 148 675 202 tibuit
694 148 783 215 XXVI,
803 154 826 205 1.
845 152 861 203 2
1111 178 1131 211 ι
1146 178 1169 212 u.
1184 179 1205 213 c.
1218 170 1263 213 tlt

180 331 289 390 narent
310 340 387 384 neue
407 321 535 384 hiberna
556 322 681 402 propius
703 322 793 384 ubam
817 320 922 385 urbem
939 324 1039 385 decem
1055 322 1175 385 milibus
1189 342 1262 403 pas-

128 408 156 468 11
178 426 265 469 suum
287 407 487 469 aedificarent.
530 406 564 468 L.
574 407 711 469 Cornelio
727 409 759 469 in
775 409 911 470 Sardinia
926 408 1001 470 duae
1016 408 1150 489 legiones
1165 408 1261 481 datae,
1302 420 1307 428 ·

179 492 289 573 quibus
310 492 346 563 Q.
368 492 483 555 blucius
511 494 696 572 praefuerat;
726 493 983 574 supplementum,
1012 494 1036 555 si
1065 512 1141 573 opus
1169 504 1260 567 esset,

129 586 157 639 tt
179 578 318 640 consules
341 576 472 639 scribere
494 578 575 640 iussi.
620 578 654 639 T.
668 578 793 640 Otacilio
809 587 840 640 ct
855 579 893 641 ll.
902 578 1017 641 Valerio
1033 577 1150 641 Siciliae
1163 578 1260 641 Grae-

179 664 302 744 ciaeque
330 680 382 724 nra
410 681 480 725 cum
507 662 676 743 legionibus
704 662 922 743 classibusque,
951 664 1060 743 quibus
1088 674 1260 743 praeerant,
1284 676 1303 725 5

178 748 332 821 decretae;
369 748 584 828 quinquaginta
615 748 737 810 Graecia
773 767 841 811 cuna
874 750 992 829 legione
1024 768 1101 822 una,
1134 758 1259 811 centum

125 840 155 893 ta
178 834 277 895 Sicilia
309 852 377 895 cum
410 833 526 895 duabus
560 834 730 913 legionibus
760 833 913 897 habebant
944 852 1046 896 naues.
1098 834 1194 896 tribus
1228 844 1260 897 et

177 918 284 998 uiginti
306 918 475 999 legionibus
497 917 639 980 Romanis
661 938 697 982 eo
720 938 800 981 anno
823 918 933 981 bellum
955 928 1035 981 terra
1058 920 1191 999 marique
1210 929 1259 983 est

178 1013 303 1084 gestum.

142 1100 162 1156 2
266 1088 418 1168 Principio
447 1088 511 1150 eius
538 1088 609 1149 anni
632 1107 702 1151 cum
725 1090 761 1149 dc
783 1088 888 1151 litteris
911 1088 943 1149 L.
959 1088 1061 1151 Marcii
1083 1090 1258 1161 referretur,
1283 1102 1319 1152 tu

178 1192 228 1237 res
249 1183 349 1255 gestae
371 1174 546 1253 magnificae
567 1174 683 1235 senatui
706 1174 803 1248 uisee;
826 1173 929 1236 titulus
945 1174 1078 1249 honoris,
1100 1175 1181 1253 quod
1197 1175 1256 1235 im-

177 1260 262 1342 perio
286 1279 347 1321 non
371 1258 475 1339 populi
496 1259 590 1331 iussu,
612 1278 674 1321 non
697 1277 731 1319 ex
754 1260 929 1321 auctoritate
951 1268 1070 1339 patrum
1089 1252 1256 1339 dato‘pro·

177 1353 298 1426 praetor
319 1336 446 1407 senatui'
470 1344 646 1423 scripserat,
675 1362 813 1424 magnam
842 1353 955 1423 partem
978 1345 1135 1406 hominum
1157 1346 1256 1407 olien-

141 1441 156 1491 2
177 1429 283 1494 debat:
306 1448 369 1491 rem
391 1429 460 1490 mali
483 1429 609 1508 exempli
632 1448 707 1503 esse,
731 1430 925 1509 imperatores
947 1429 1004 1509 legi
1021 1429 1057 1490 ab
1074 1429 1256 1491 exercitibus

178 1528 209 1578 et
229 1515 373 1577 sollemne
396 1514 644 1594 auspicandorum
666 1514 854 1575 comitiomm
878 1514 908 1575 in
930 1524 1024 1577 castra
1040 1524 1071 1576 et
1083 1514 1258 1595 prouincias
1281 1526 1315 1576 15

178 1601 285 1682 procul
312 1600 348 1661 ab
377 1599 492 1678 legibus
519 1598 798 1679 magistratibusque
820 1598 855 1660 ad
878 1600 1035 1661 militarem
1058 1600 1256 1661 temeritatem

141 1695 156 1746 t
178 1686 342 1747 transferri.
387 1696 417 1745 et
439 1702 505 1746 cum
529 1684 649 1763 quidam
671 1683 861 1746 referendum
881 1686 916 1745 ad
933 1695 1068 1747 senatum
1085 1694 1255 1758 censerent,

177 1771 283 1833 melius
304 1771 402 1833 uisum
424 1769 535 1831 differri
551 1787 616 1830 eam
631 1769 892 1844 consultationem,
914 1768 1011 1831 donec
1025 1770 1255 1849 proficisceren-

139 1868 156 1917 4
177 1865 227 1917 tur
248 1856 371 1934 equites,
394 1856 445 1933 qui
468 1854 504 1915 ab
520 1855 629 1917 biarcio
652 1854 764 1917 litteras
785 1855 954 1917 attulerant.
999 1855 1121 1917 rescribi
1136 1856 1174 1919 de
1188 1856 1255 1917 iru-

178 1950 279 2002 mento
308 1949 338 2001 et
366 1940 551 2003 uestimentis
579 1940 728 2002 exercitus
755 1940 881 2020 placuit,
909 1958 974 2001 eam
1004 1950 1160 2019 utramque
1188 1958 1255 2001 rem
1276 1950 1312 2003 at

177 2044 266 2089 curae
289 2028 352 2087 lore
374 2026 507 2100 senatui;
529 2025 655 2087 adscribi
678 2034 776 2087 autem
789 2018 990 2106 ‘propraetori
1005 2026 1039 2086 L.
1052 2016 1168 2087 llarcio’
1189 2046 1253 2087 non

177 2111 297 2193 placuit,
321 2131 359 2173 ne
381 2112 410 2174 id
425 2111 532 2192 ipsum,
555 2112 634 2191 quod
650 2111 861 2173 consultationi
878 2110 1069 2190 reliquerant,
1092 2130 1148 2192 pro
1163 2130 1254 2192 prae-

139 2211 154 2260 t
176 2198 304 2260 iudicato
326 2199 426 2259 ferret.
472 2196 598 2259 dimissis
620 2196 772 2277 equitibus
793 2198 830 2258 de
853 2197 934 2259 nulla
955 2215 988 2258 re
1010 2196 1094 2276 prius
1112 2197 1255 2259 consules

177 2283 366 2352 rettulemnt,
381 2281 576 2360 omniumque
591 2282 732 2344 inunum
747 2283 912 2344 sentcntiae
927 2281 1144 2362 congruebant,
1159 2301 1254 2362 agen·

177 2370 247 2431 dum
270 2387 338 2430 cum
361 2366 490 2428 tribunis
511 2366 607 2447 plebis
629 2385 705 2440 esse,
728 2368 823 2448 primo
846 2385 967 2446 quoque
985 2379 1121 2447 tempore
1136 2367 1172 2429 ad
1189 2369 1254 2449 ple·
1276 2377 1312 2430 25

176 2453 244 2516 bem
268 2455 398 2526 ferrent,
422 2471 510 2532 quem
533 2470 601 2513 cum
623 2453 749 2532 imperio
770 2453 848 2514 mitti
870 2453 1001 2532 placeret
1021 2452 1053 2513 in
1077 2452 1253 2533 Hispaniam

139 2541 211 2602 trad
240 2557 307 2602 eum
331 2539 510 2610 exercitum,
539 2538 588 2598 cui
611 2537 664 2599 Cn.
680 2537 781 2617 Scipio
803 2538 964 2617 imperator
986 2537 1173 2617 praefuisset.
1217 2557 1253 2600 ea

177 2642 225 2686 res
247 2642 315 2685 cunr
337 2623 466 2684 tribunis
487 2633 551 2684 acta
573 2622 819 2702 promulgataque
842 2632 896 2683 est.

139 2722 154 2770 t
261 2709 318 2770 Sed
340 2707 419 2769 aliud
441 2717 590 2769 certamen
615 2717 815 2787 occupauerat
836 2707 960 2768 animos.
1005 2705 1036 2768 C.
1055 2707 1253 2788 Sempronius

175 2794 296 2856 blaesus
318 2791 365 2854 die
387 2793 463 2853 dicta
486 2792 539 2854 Cn.
552 2791 691 2854 Fuluium
707 2791 747 2854 ob
763 2793 923 2854 exercitum
940 2793 970 2853 in
988 2791 1093 2871 Apulia
1109 2793 1252 2855 amissum
1274 2801 1314 2855 ³⁰

177 2879 207 2940 in
238 2877 429 2939 contionibus
457 2877 598 2952 uetabat,
628 2878 738 2938 multos
760 2878 953 2958 imperatores
974 2878 1139 2939 temeritate
1161 2887 1252 2958 atque

176 2963 292 3026 inscitia
321 2963 482 3023 exercitum
510 2963 542 3024 in
572 2963 668 3023 locum
692 2963 883 3042 praecipitem
907 2961 1080 3042 perduxisse
1102 2963 1252 3037 dictitans,

137 3059 153 3111 8
176 3048 327 3110 neminem
349 3057 468 3127 praeter
490 3047 543 3108 Gn.
556 3045 694 3109 Fuluium
718 3057 786 3109 ante
809 3047 985 3127 conmpisse
1008 3046 1148 3110 omnibus
1171 3048 1253 3110 uitiis

175 3134 308 3212 legiones
335 3151 403 3194 suas
431 3151 519 3212 quam
547 3133 703 3212 proderet:
734 3133 833 3213 itaque
856 3151 927 3194 uere
949 3132 1007 3194 dici
1030 3151 1134 3213 posse,
1167 3133 1253 3214 prius

175 3239 227 3282 eos
250 3219 371 3299 perisse,
394 3236 482 3298 quam
506 3217 643 3279 uiderent
666 3218 791 3292 bostem,
815 3237 871 3280 nec
894 3217 929 3279 ab
946 3217 1121 3292 Hannibale,
1145 3219 1195 3280 sed
1211 3217 1251 3280 ab
1276 3227 1311 3279 ³5

243 3425 258 3474 5
276 3424 394 3488 preerant
410 3421 453 3488 ΡΙ
466 3421 482 3472 6
494 3419 594 3486 graecia
611 3419 643 3472 ΡΙ
661 3421 746 3487 graeei
762 3421 798 3472 Ρ
809 3419 847 3488 l't
866 3419 948 3474 sieilia
965 3417 1119 3481 Abebatiln'
1135 3420 1201 3474 aieili
1217 3423 1253 3474 Ρ*

174 3490 248 3542 siculi
258 3487 312 3559 ΡΙ
322 3493 352 3545 10
363 3504 420 3542 cunr
434 3488 468 3540 Ρ
478 3494 509 3540 cd
520 3487 525 3549 Ι
535 3503 593 3541 cum
605 3487 638 3540 Ρ1
672 3491 704 3542 12
714 3493 810 3556 propi.
823 3489 862 3556 Pl
873 3492 903 3543 15
916 3488 1129 3556 auspicandomrn
1138 3487 1253 3556 Medon

174 3557 373 3624 auspiciatomm
385 3559 409 3608 Ρ
419 3556 541 3624 auspiciis
556 3556 639 3609 baben
658 3571 731 3610 orum
748 3561 816 3610 coni.
828 3557 1016 3612 Weissenborn
1025 3558 1034 3622 l
1044 3559 1076 3610 21
1087 3571 1133 3623 pro
1144 3561 1150 3621 Ι
1162 3561 1202 3624 pi.
1212 3559 1253 3628 ΡΙ

175 3627 208 3678 at
226 3624 400 3692 relinquerant
415 3625 459 3692 ΡΙ
471 3625 503 3677 23
522 3623 620 3678 dimissi
632 3626 675 3693 ΡΙ
688 3627 720 3680 30
737 3626 841 3679 blaesus
854 3626 983 3691 Sigonius
995 3626 1098 3692 plaesus
1109 3625 1153 3694 ΡΙ
1178 3641 1252 3679 exer·

174 3693 227 3745 citu
245 3691 287 3759 Pl
300 3695 331 3746 a1
351 3693 446 3744 multos
464 3697 483 3758 ς
513 3691 594 3745 Gran
617 3695 698 3746 multo
716 3694 803 3774 Plbl
821 3693 972 3762 perduxisse
989 3697 1009 3758 ς
1039 3692 1203 3759 praeduxisse
1220 3696 1251 3760 P,

174 3760 368 3880 nemzi-Imp}
385 3775 473 3826 prem
495 3764 638 3828 repetitum
659 3767 687 3813 et
703 3761 806 3815 duxisse
823 3763 1013 3830 scribendnml
1027 3764 1059 3815 3⁶
1078 3761 1197 3816 annibale
1214 3779 1252 3816 eae

174 3841 258 3880 amors
276 3840 316 3880 ae
