2734 4250
171 119 231 178 182
562 119 656 172 LIBER
674 119 760 184 lllllll,
777 123 865 175 1119
1112 139 1250 180 11111539

168 293 290 372 desque,
306 292 356 371 qui
372 291 569 372 redempturis
584 291 735 352 auxissent
748 290 935 370 patrimonia,
949 300 983 352 ut
994 292 1037 353 rei
1048 291 1194 372 publicae,
1210 314 1249 356 ex

117 387 144 438 tt
167 397 224 458 qua
247 378 428 450 creuissent,
455 386 572 455 tompus
594 377 819 437 commodarent
841 378 1103 457 conducerentque
1124 397 1159 437 ea
1181 379 1250 457 lege

169 463 347 542 praebenda,
374 480 449 542 quae
471 463 505 522 ad
529 461 691 522 exercitum
715 461 940 540 Hispaniensem
963 481 1039 542 opus
1062 472 1177 536 essent,
1202 478 1248 539 ut,

116 557 144 609 11
167 567 235 610 cum
250 548 377 629 pecunia
392 549 422 608 in
436 547 549 608 aerario
566 557 651 620 esset,
668 545 705 606 iis
715 546 818 626 primia
832 547 1008 607 solueretur.
1037 547 1110 609 haec
1126 559 1249 627 praetor

168 635 198 695 in
216 634 356 694 contione
372 633 471 706 edixit,
494 649 614 710 quoquo
633 631 680 693 die
695 631 871 692 uestimenta
893 650 927 692 ac
943 632 1124 694 trumentum
1142 633 1249 713 llispa·
1270 649 1291 697 tt

168 717 264 778 aiensi
287 718 428 779 exercitui
451 715 628 796 praebenda,
651 733 786 795 quaeque
808 717 864 777 alia
878 734 955 795 opus
968 729 1069 778 essent
1091 718 1249 781 naualibus

116 807 152 863 tt
168 803 265 876 sociis,
287 813 365 864 esset
385 802 545 863 locaturus.
582 801 633 862 ubi
649 819 682 862 ea
698 801 761 862 dies
775 801 868 875 uenit,
890 801 926 862 ad
941 803 1169 863 conducendum
1184 812 1249 867 tres

167 888 322 949 societates
344 887 466 948 aderant
487 886 641 946 hominum
661 885 859 965 undeuiginti,
882 905 1009 965 quorum
1024 886 1085 948 duo
1100 890 1249 966 postulata

130 981 145 1032 2
167 974 262 1033 luere:
280 992 381 1044 unum,
398 981 431 1032 ut
445 972 546 1032 militia
561 981 712 1042 uacarent,
728 970 798 1031 dum
814 972 843 1032 in
861 991 896 1032 eo
911 971 1031 1051 publico
1046 983 1156 1044 essent,
1172 974 1248 1035 alte·

167 1076 244 1132 rum,
266 1068 307 1132 ut,
330 1058 451 1136 quaein
469 1074 561 1117 naues
575 1056 785 1136 inposuissent
807 1055 844 1117 ab
859 1056 990 1118 hostium
1003 1059 1248 1137 tempestatisque
1272 1072 1308 1124 111

130 1153 145 1202 1
166 1143 196 1204 ui
209 1141 327 1222 publico
343 1142 476 1223 periculo
492 1149 601 1202 essent.
631 1150 760 1218 utroque
774 1140 931 1220 impetrato
947 1141 1165 1213 conduxerunt,
1180 1144 1247 1222 pri-

169 1239 294 1307 uataque
316 1229 442 1308 pecunia
464 1246 512 1288 res
534 1226 650 1305 publica
673 1225 873 1287 administrata
891 1234 945 1287 est
988 1227 1008 1287 ii
1031 1245 1129 1288 mores
1151 1247 1248 1308 eaque

166 1314 271 1375 caritas
292 1314 403 1394 patriae
426 1331 480 1392 per
503 1329 606 1372 omnes
621 1311 742 1372 ordines
763 1312 847 1372 uelut
862 1319 968 1372 tenore
984 1330 1045 1372 uno
1066 1313 1246 1392 pertinebat.

128 1407 144 1458 1
166 1417 254 1477 quem
270 1399 305 1459 ad
321 1399 441 1459 modum
460 1397 607 1458 conducta
623 1395 721 1456 omnia
738 1413 846 1475 magno
861 1395 960 1457 animo
975 1405 1055 1469 sunt,
1071 1397 1114 1458 sic
1128 1416 1244 1460 summa

166 1485 223 1545 ilde
247 1484 389 1563 praebita,
413 1501 468 1542 nec
491 1481 649 1561 quicquam
671 1481 791 1560 parcius
813 1480 954 1542 militibus
975 1483 1085 1556 datum,
1108 1501 1196 1561 quam
1219 1484 1246 1545 si
1270 1492 1308 1543 15

168 1586 203 1629 ex
226 1569 369 1649 opulento
391 1567 514 1640 aerario,
536 1574 570 1626 ut
593 1565 753 1644 quondam,
776 1567 937 1628 alerentur.

129 1662 145 1712 1
252 1653 325 1713 Cum
348 1653 377 1713 hi
394 1659 573 1712 commeatus
590 1660 751 1723 uenerunt,
773 1651 886 1729 Iliturgi
902 1650 1044 1730 oppidum
1060 1649 1097 1711 ab
1112 1651 1245 1714 llasdru-

168 1736 232 1798 bale
255 1755 289 1797 ac
310 1737 436 1815 llagone
459 1745 489 1796 et
511 1735 676 1796 Hannibale
699 1736 870 1798 bomilcaris
896 1736 957 1796 iilic
984 1734 1023 1796 ob
1046 1736 1244 1800 delectionem

128 1832 144 1881 c
165 1821 200 1882 ad
226 1821 374 1882 llomaoos
407 1818 643 1901 oppugnabatur.
689 1820 767 1882 inter
795 1822 867 1881 baec
889 1821 966 1881 trina
996 1829 1090 1881 castra
1112 1822 1245 1884 hostium

167 1906 322 1985 Scipiones
344 1925 411 1967 cum
435 1907 464 1967 in
481 1906 587 1966 urbem
609 1905 758 1967 sociorum
777 1923 883 1983 magno
906 1906 1069 1966 certamine
1090 1924 1124 1967 ac
1144 1917 1245 1988 strage
1268 1919 1307 1971 w

167 1989 374 2053 obsistentium
396 1991 613 2071 peruenissent,
638 1991 837 2063 trumentum,
859 1991 944 2051 cuius
966 1991 1066 2070 inopia
1089 2000 1166 2065 erat,
1189 1993 1244 2053 ad-

129 2086 327 2150 tumorum,
357 2077 562 2156 cohortatique
591 2075 772 2156 oppidanos,
803 2084 837 2138 ut
863 2076 969 2137 eodem
997 2075 1097 2137 animo
1124 2079 1245 2140 moenia

165 2171 341 2237 tutarentur,
364 2181 423 2241 quo
446 2181 501 2242 pro
524 2180 555 2223 se
578 2172 762 2241 pugnantem
779 2162 945 2222 Romanum
968 2163 1130 2223 exercitum
1151 2162 1244 2225 uidis-

165 2256 242 2321 sent,
264 2248 299 2309 ad
315 2258 411 2310 eastra
426 2248 549 2308 maxima
566 2248 776 2326 oppugnanda,
791 2246 900 2325 quibus
915 2246 1078 2308 Hasdrubal
1096 2258 1244 2327 praeerat,

127 2334 286 2395 educunt.
331 2333 434 2394 eodem
458 2342 487 2394 et
509 2332 567 2393 duo
590 2333 680 2393 duces
711 2342 741 2392 et
761 2332 820 2393 duo
850 2332 998 2393 exercitus
1019 2331 1245 2412 Carthaginien·
1268 2346 1305 2397 z

127 2419 258 2492 esium,
286 2418 326 2479 ibi
350 2437 412 2480 rem
436 2436 579 2479 summam
603 2416 649 2496 agi
677 2426 850 2490 cernentes,
879 2425 1099 2477 conuenerunt.
1142 2418 1245 2498 itaque

166 2504 322 2584 eruptione
338 2522 354 2563 e
372 2503 475 2565 castris
496 2511 660 2583 pugnatum
683 2511 737 2563 est.
782 2502 932 2579 sexaginte
953 2501 1082 2563 hostium
1105 2503 1183 2564 milia
1205 2523 1244 2566 eo

116 2597 145 2649 111
166 2590 213 2649 die
235 2589 265 2649 in
290 2607 389 2667 pugna
405 2590 536 2661 luerunt,
558 2587 685 2648 sedecim
704 2587 783 2649 circa
805 2586 842 2648 ab
859 2587 1008 2648 Romanis.
1045 2598 1145 2649 tamen
1168 2590 1243 2650 adeo

165 2674 236 2734 haut
258 2672 346 2735 dubia
369 2673 491 2733 uictoria
514 2672 585 2745 luit,
614 2681 646 2733 ut
668 2672 770 2752 plures
792 2691 933 2747 numero,
956 2690 1046 2751 quem
1069 2672 1124 2751 ipsi
1146 2683 1244 2749 erant,

114 2767 142 2818 11
164 2757 291 2819 Romani
314 2757 442 2818 hostium
466 2757 639 2830 occiderint,
662 2758 798 2838 ceperint
819 2757 944 2836 amplius
966 2758 1021 2818 tria
1043 2757 1123 2818 milia
1146 2758 1244 2819 bomi·
1264 2769 1303 2821 111

166 2860 247 2915 num,
264 2841 352 2918 paulo
368 2842 465 2904 minus
480 2842 559 2904 mille
575 2860 730 2921 equorum,
753 2842 983 2922 undesexaginta
999 2842 1244 2923 militariasigna,

250 2978 266 3028 2
284 2989 336 3041 qna
354 2973 387 3025 1²¹
413 2975 472 3041 quia
491 2975 524 3027 Ρι
541 2975 551 3042 ll
571 2975 730 3028 creauissent
746 2974 794 3041 Pl
810 2974 873 3045 (ad)
892 2981 994 3041 tempus
1011 2979 1031 3040 ς
1041 2976 1051 3041 Ι
1064 2990 1094 3027 ea
1114 2975 1245 3041 sigonem

165 3058 197 3095 ex
216 3043 263 3111 ΡΙΙ
283 3047 298 3096 b
316 3040 452 3111 (locotus)
474 3042 553 3095 edixit
570 3043 693 3109 Dosa-ing
710 3044 720 3111 Ι
738 3058 842 3111 quoque
867 3044 909 3095 die
928 3044 1072 3097 Weissenb.
1099 3058 1151 3111 quo
1169 3045 1194 3096 P
1217 3048 1246 3095 et

164 3126 217 3179 quo
236 3110 276 3163 die
293 3111 402 3175 Madvig
429 3126 532 3179 qunque
544 3110 585 3163 die
602 3112 648 3162 uel
664 3118 691 3163 et
708 3126 758 3179 qua
774 3112 816 3163 die
827 3112 962 3166 Probent.
989 3110 1126 3178 quadieg
1151 3112 1245 3164 edixit-

164 3194 214 3247 que
232 3194 282 3247 que
301 3177 343 3231 die
359 3178 440 3231 Gron.
468 3180 599 3246 edixitque
617 3178 684 3231 diem
703 3195 755 3247 quo
767 3178 897 3231 Riemann
908 3179 919 3247 Ι
931 3194 962 3232 nc
980 3180 1040 3231 add
1055 3180 1173 3245 nausrg,
1191 3195 1244 3233 on.

164 3248 206 3316 ΡΙΙ
220 3248 375 3315 hispaniensi
388 3264 443 3299 ras.
456 3264 490 3298 ex
503 3247 687 3315 hihispaniensi
700 3248 742 3315 Pl
755 3251 772 3302 1)
790 3253 819 3299 ut
836 3248 926 3299 militia
945 3256 1067 3300 uacarent
1084 3247 1144 3299 dnm
1159 3246 1243 3301 Genu.

164 3318 427 3369 mihiiauacarenttum
453 3316 490 3367 P¹
525 3316 585 3367 mihi
608 3324 730 3367 uacarent
752 3323 805 3367 tum
829 3314 867 3367 1²²
900 3316 963 3367 mihi
986 3321 1085 3367 1111111
1107 3320 1161 3367 tura
1180 3314 1245 3381 1³⁸1

166 3388 194 3437 11
206 3383 295 3453 (tnta)
307 3390 394 3436 essem
406 3382 554 3449 Sigonius!
564 3384 707 3449 impetrabo
717 3380 755 3447 ΡΙ
766 3385 797 3436 12
809 3383 1011 3435 administratam
1019 3383 1060 3450 ΡΙ
1068 3384 1085 3434 11
1098 3384 1245 3437 Wmsenc.

165 3452 190 3503 hi
208 3453 232 3504 P
247 3452 304 3519 1111
322 3452 424 3519 parcius
441 3452 502 3503 add
521 3450 632 3517 Madvig
657 3454 743 3516 (secus
762 3450 841 3503 Vallo
868 3452 974 3519 sequius
994 3451 1149 3516 Weonso.)
1175 3452 1245 3503 rnili-

163 3520 233 3572 tibus
251 3520 337 3571 datum
355 3520 416 3571 aad.
438 3519 581 3572 Weissead.
612 3535 689 3587 quam
709 3519 803 3581 Vallo,
822 3535 873 3571 orn.
891 3522 928 3583 P‚·
945 3534 992 3571 nec
1009 3520 1148 3586 quicquam
1165 3534 1245 3573 secut

163 3586 286 3639 exercitui
310 3588 461 3653 praestitum
487 3602 563 3655 quam
581 3587 603 3639 si
621 3587 729 3652 Frigell
744 3587 755 3653 t
775 3590 804 3639 17
823 3588 919 3640 ilitorci
937 3587 985 3654 ΡΙ
1002 3590 1035 3640 211
1053 3588 1178 3653 scipionia
1194 3588 1220 3639 P
1236 3587 1249 3656 Ι

164 3656 197 3706 bb
215 3654 250 3704 ibl
269 3654 292 3705 Ρ
315 3656 367 3719 1111,
387 3656 511 3718 Har-anth
525 3658 557 3708 tt
577 3656 707 3707 hominum
721 3656 893 3720 1111111111
913 3671 927 3707 1
946 3655 1008 3706 add.
1026 3655 1172 3707 Weemo.
1198 3655 1245 3719 (ab

161 3726 303 3789 praestare
315 3724 420 3773 monuit
433 3722 631 3789 Luterbacher),
643 3738 694 3777 ont.
707 3723 746 3790 ΡΙ
755 3726 786 3777 at
803 3723 921 3775 militaria
933 3740 969 3774 em
981 3723 1088 3774 miliaria
1102 3724 1133 3775 Ρ·
1146 3724 1246 3791 larigna

173 3802 210 3842 mr
227 3790 379 3856 elephantos
399 3790 479 3841 Gron.
506 3790 618 3857 signauit
636 3790 830 3857 111111111ῑί11)ι
855 3792 928 3859 signe
946 3790 1142 3859 111111111ἰεὶΙΙ
