2734 4250
169 144 202 197 Vl
616 143 803 197 PRAEFATIO

185 385 187 388 v
255 318 352 397 Atque
368 335 471 379 eorum
484 316 533 396 qui
546 327 665 379 exstant
680 316 816 378 codicum
834 318 931 379 uarias
944 318 1087 379 lectiones
1099 319 1129 380 in
1144 320 1259 382 maiore
1360 374 1361 383 ,

124 406 126 410 ¹
170 419 302 482 editione
325 419 485 498 adscripsi;
508 420 563 480 hac
586 421 657 482 mihi
680 420 823 502 proposui
854 430 886 482 ut
914 421 1008 501 ipsius
1031 425 1060 483 Σ
1079 424 1257 485 memoriam

168 522 367 584 restituerem.
398 521 484 593 Quod
500 521 585 583 lacile
600 531 701 603 posset
717 523 806 595 ellici,
826 522 850 584 si
867 525 1047 585 uetustiores
1062 522 1128 584 libri
1145 524 1255 604 integri

157 626 205 685 'ad
228 633 361 685 nostram
384 634 508 685 aetatem
532 625 757 703 peruenissent:
788 624 1015 704 neglegeremus
1036 636 1098 686 tum
1129 628 1258 688 omnino

169 728 350 807 posteriores
372 735 402 788 et
416 728 459 787 3²
474 733 503 785 et
517 728 560 787 2³
575 735 605 787 et
620 730 672 800 2⁴,
696 744 752 787 nce
775 726 854 786 enim
878 727 1060 806 recuperatis
1082 728 1256 808 archetypis

170 846 309 889 curamus
338 845 441 888 eorum
469 828 648 908 apographa.
700 828 786 889 Nunc
817 846 851 888 ex
882 827 1059 891 Taurinensi
1089 847 1255 909 paucorum

170 930 299 1010 capitum
312 948 425 1009 paucae
436 930 613 1010 paragraphi
626 948 737 1008 eaeque
748 930 897 991 mutilatae
910 940 1094 1009 comparent,
1104 931 1259 1012 Spirensis

171 1043 268 1094 autem
285 1031 405 1105 codicis,
428 1031 479 1110 qui
495 1032 558 1111 ipse
575 1031 696 1101 interiit,
720 1049 838 1110 sparsae
858 1032 1057 1094 innotuerunt
1078 1034 1258 1115 scripturae,

171 1152 243 1214 quas
265 1145 316 1195 aut
336 1134 482 1195 Rhenano
509 1151 670 1213 excerpere
695 1133 804 1212 placuit
826 1144 878 1194 aut
900 1134 1023 1195 Gelenio
1051 1135 1081 1195 in
1107 1135 1255 1197 11414441-

171 1254 257 1297 auaro
280 1235 430 1315 recipere;
459 1236 529 1296 item
554 1234 745 1297 Laurentiani
774 1252 806 1295 ea
830 1237 1036 1296 tantummodo
1059 1256 1095 1298 ex
1118 1241 1147 1299 Σ
1166 1238 1256 1299 ducta
1360 1278 1361 1301 1

171 1347 251 1410 4441,
274 1354 350 1417 quae
364 1337 533 1416 corrigendi
549 1356 635 1403 causa
651 1338 726 1398 alter
742 1336 879 1397 librarius
895 1335 974 1397 inter
989 1356 1094 1400 uersus
1111 1339 1255 1415 inseruit;

171 1458 226 1521 per
241 1440 335 1501 maius
349 1440 478 1518 spatium
499 1440 672 1502 conducam
696 1439 873 1518 scripturam
897 1438 932 1499 ad
947 1441 976 1501 Σ
989 1440 1176 1502 referendam
1199 1442 1256 1504 soli

172 1540 319 1623 praebent
340 1540 516 1603 llarleianus
538 1560 554 1603 a
577 1544 628 1615 29,
653 1544 682 1613 3,
710 1546 748 1605 15
770 1542 805 1602 ad
830 1542 881 1614 30,
905 1544 955 1611 21,
981 1544 1020 1605 12
1042 1552 1072 1602 et
1096 1542 1259 1605 Vaticanus

174 1654 263 1722 atque
284 1643 310 1703 ll
332 1642 402 1705 inde
423 1645 460 1705 ab
483 1655 610 1705 exeunte
633 1644 710 1704 libro
741 1642 882 1705 uicesimo
912 1651 994 1705 sexto
1022 1644 1057 1703 ad
1087 1654 1255 1706 extremum

173 1744 365 1806 tricesimum.
410 1745 451 1806 lta
474 1747 516 1818 dt,
537 1755 572 1807 ut
585 1748 615 1806 in
633 1746 815 1807 restituenda
831 1745 1007 1805 recensione
1026 1762 1081 1824 per
1094 1748 1123 1807 Σ
1136 1756 1258 1807 seruata

174 1865 236 1908 non
258 1846 369 1925 ubique
391 1846 427 1906 ad
449 1847 547 1926 ipsum
569 1852 598 1910 Σ
618 1847 667 1909 uel
691 1849 806 1928 potius,
838 1854 962 1925 propter
983 1846 1120 1909 minimas
1149 1848 1254 1927 palim-

173 1949 266 2028 psesti
281 1947 474 2010 'laurinensis
488 1949 637 2029 reliquias,
654 1951 689 2011 ad
705 1948 746 2012 2¹
763 1958 920 2028 penetrare
935 1948 1091 2027 possimus,
1107 1950 1159 2010 sed
1175 1952 1253 2013 haud

174 2068 241 2110 raro
256 2057 429 2130 recuperata
446 2053 644 2131 posteriorum
666 2052 813 2125 codicum,
836 2050 962 2110 maxime
977 2052 1029 2124 2⁴,
1052 2051 1180 2113 lectione
1201 2052 1253 2114 de·
1360 2110 1361 2126 ,

175 2153 296 2214 beamus
319 2155 452 2214 contenti
475 2172 550 2216 esse.
594 2153 633 2216 Σ1
654 2163 752 2214 autem
776 2164 855 2226 turn,
886 2171 953 2214 cum
977 2153 1126 2233 Spirensis
1148 2164 1179 2215 et
1199 2175 1258 2235 per
1360 2149 1361 2152 '

175 2257 219 2318 2²
231 2272 336 2315 omnes
350 2256 441 2316 ceteri
457 2254 545 2316 huius
559 2256 679 2334 generis
695 2254 761 2320 libri
778 2273 813 2315 ex
829 2273 864 2315 eo
881 2254 960 2315 ducti
982 2265 1062 2330 sunt,
1085 2257 1124 2315 ita
1147 2255 1256 2317 decur-

176 2366 255 2418 tatus
270 2363 343 2428 erat,
365 2364 474 2418 utnon
491 2357 577 2437 plura
593 2358 763 2419 contineret
785 2375 873 2437 quam
897 2359 949 2431 26,
963 2357 1013 2430 30,
1026 2359 1142 2432 9-26,
1156 2361 1206 2432 31,
1220 2361 1259 2434 2;

176 2460 227 2534 26,
251 2462 302 2530 41,
328 2459 464 2534 18-26,
487 2461 539 2533 43,
563 2463 598 2535 8;
621 2461 672 2535 26,
696 2462 746 2532 46,
770 2461 884 2531 2-27,
910 2461 939 2533 7,
963 2461 1019 2533 17;
1042 2459 1093 2533 27,
1117 2465 1153 2534 9,
1176 2461 1195 2524 8
1219 2459 1256 2521 ad

176 2560 264 2620 tinem
281 2559 348 2620 libri
365 2560 521 2636 tricesimi3
545 2561 575 2623 in
591 2561 637 2623 his
651 2561 743 2641 igitur
758 2562 874 2623 decadis
890 2563 994 2622 tertiae
1016 2561 1150 2638 partibus
1165 2561 1256 2623 Pute-
1360 2575 1361 2598 ¹

176 2678 252 2722 anus
266 2670 296 2723 et
308 2659 377 2722 libri
392 2660 429 2722 ab
444 2665 473 2723 Σ
486 2662 605 2724 oriundi
619 2664 731 2742 pariter
746 2664 902 2742 imperium
925 2663 1071 2736 obtinent,
1094 2664 1124 2725 in
1148 2665 1257 2726 ceteris
1360 2641 1361 2702 l

175 2772 282 2841 regnat
304 2781 381 2824 unus
404 2763 562 2825 Puteanus.

262 2863 445 2944 Vbicumque
467 2866 638 2928 uetustior-is
659 2867 779 2941 codicis,
803 2864 979 2940 2144122,
1003 2866 1149 2944 scriptura
1172 2873 1256 2928 certo
1360 2899 1361 2944 q

176 2965 357 3044 exploratur,
379 2967 580 3028 recentiorum
595 2970 638 3030 Σ.3
652 2978 683 3030 et
697 2970 739 3030 2⁴
760 2967 926 3030 dissensum
950 2965 1166 3047 neglegendum
1190 2985 1258 3029 esse
1360 2947 1361 2998 3

176 3075 265 3148 patet.
309 3068 398 3147 Atqui
419 3068 579 3148 impeditur
593 3079 673 3131 certa
689 3069 851 3149 exploratio
866 3070 1015 3130 interdum
1034 3087 1079 3144 eo,
1102 3069 1183 3148 quod
1200 3087 1257 3130 nec
1360 3065 1361 3118 ἶ

177 3168 369 3232 laurentiani
380 3178 533 3231 corrector
545 3189 602 3233 nec
611 3174 654 3233 2⁴
665 3171 793 3251 librique
803 3171 873 3232 inde
884 3171 964 3232 ducti
977 3171 1258 3251 interpolationibus
1360 3231 1361 3246 ,

175 3271 401 3347 abstinuerunt;
435 3289 503 3333 nam
532 3281 684 3334 corrector
712 3273 761 3334 illc
791 3291 851 3334 nou
881 3272 992 3352 ubique
1019 3291 1111 3352 super
1141 3273 1258 3352 primae
1360 3253 1361 3318 Ῐ

177 3392 283 3438 manus
311 3375 487 3455 scripturam
515 3373 626 3435 addidit
653 3392 734 3449 eam,
767 3393 854 3453 quam
883 3376 926 3438 ΣΒ
954 3373 1174 3454 suppeditabat,
1204 3375 1256 3436 sed
1360 3381 1361 3426 ἰ

176 3486 228 3538 aut
241 3487 357 3556 partem
381 3493 477 3538 nouae
500 3475 656 3555 adscripsit
677 3485 791 3557 partem
814 3476 925 3538 ueteris
946 3477 1079 3550 retinuit,
1102 3486 1258 3538 4414144-

176 3595 236 3657 que
251 3578 407 3657 repudiata
421 3577 573 3641 substituit
587 3597 660 3651 eam,
683 3597 772 3658 quam
794 3578 858 3658 ipse
881 3587 1066 3640 commentus
1088 3589 1147 3653 cst;
1171 3579 1258 3640 item-

177 3697 236 3757 que
263 3683 306 3741 2⁴
335 3689 366 3740 et
392 3680 485 3758 magis
516 3679 604 3741 etiam
633 3680 792 3742 Vaticanus
821 3688 851 3740 et
879 3678 1071 3742 Recanatiani
1107 3681 1259 3744 asseculae

177 3780 324 3841 nonnulla
345 3780 402 3859 ipsi
425 3791 625 3855 nouaueruot,
648 3782 743 3844 multo
767 3781 852 3862 plura
876 3801 910 3842 ex
934 3780 1057 3843 Vulcani
1078 3783 1263 3863 apographis
1360 3805 1361 3876 ἐ
