2734 4250
96 157 178 200 mehr.
188 156 227 198 ²1²
514 135 608 190 LIBER
625 135 704 201 XXV,
724 140 756 190 14
1113 138 1174 199 257

96 315 232 395 pertinax
256 315 361 386 uirtus,
384 321 413 373 et
435 311 545 390 aliquot
568 311 656 372 simul
678 310 813 391 partibus
834 311 872 372 ad
894 312 1003 373 uallum
1025 331 1060 373 ac
1082 314 1176 376 fossas

97 408 277 479 peruentum
300 405 353 471 est,
375 397 426 459 sed
443 414 511 457 eum
525 397 625 458 multis
647 396 821 458 uolneribus
835 415 870 458 ae
884 397 1010 459 militum
1031 400 1174 480 pernicie.

96 485 197 564 itaque
220 483 394 545 conuocatis
416 482 518 562 legatis
541 481 729 561 tribunisque
754 482 881 543 militum
902 484 1007 546 consul
1030 483 1214 546 absistent

0 633 1 636 ,
97 571 168 630 dum
197 568 355 630 temerario
384 568 503 646 incepto
531 567 584 627 ait:
614 567 706 628 tutius
733 567 789 629 sibi
818 567 912 628 uideri
939 569 1042 630 reduci
1070 588 1105 631 eo
1127 570 1175 631 die

0 687 1 690 κ
60 655 260 715 texercitum
289 653 512 725 Beneuentum,
542 651 610 713 dein
641 661 761 731 postero
790 661 885 714 castra
913 654 1016 715 castris
1045 655 1176 716 hostium

97 740 192 819 iungi,
215 757 253 799 ne
276 738 356 799 exire
379 738 447 800 inde
470 737 611 817 Campani
634 756 712 798 neue
735 738 843 798 Hanno
866 740 982 817 regredi
1004 750 1120 818 posset3
1146 740 1175 802 id
1197 750 1212 800 t

97 843 158 904 quo
182 823 295 885 facilius
318 823 498 903 optineatur,
521 822 663 902 collegam
686 841 805 902 quoque
827 831 857 883 et
873 823 1036 885 exercitum
1058 825 1121 887 eius
1143 845 1176 887 se

97 910 264 971 acciturum
286 917 440 987 totumque
462 927 498 969 eo
516 926 656 969 uersuros
679 908 798 969 bellum.
842 909 915 969 haec
937 909 1059 970 consilia
1081 911 1175 983 ducis,

97 1013 167 1056 cum
190 995 247 1055 iam
269 995 402 1076 receptui
425 1001 558 1067 caneret,
588 994 700 1054 clamor
721 992 846 1054 militum
869 996 1092 1072 aspernantium
1116 1004 1175 1057 tarn

48 1089 76 1141 to
97 1099 191 1160 segne
217 1080 375 1159 imperium
403 1079 525 1140 disiecit.
569 1079 703 1157 proxima
725 1079 803 1139 lorte
831 1079 959 1140 hostium
989 1081 1092 1142 castris
1115 1091 1213 1142 eratt

98 1167 208 1226 cohors
232 1164 379 1244 Paeligna,
402 1165 487 1226 cuius
508 1164 676 1243 praelectus
692 1163 795 1225 Vibius
811 1164 925 1225 Accaus
948 1176 1100 1244 arreptum
1123 1184 1176 1226 ue·

98 1251 200 1312 xillum
224 1260 306 1312 trans
329 1250 438 1310 uallum
460 1249 589 1310 hostium
610 1249 735 1310 traiecit.
775 1259 929 1310 execratus
951 1249 1019 1309 inde
1034 1269 1126 1329 seque
1149 1261 1214 1311 eto

98 1337 272 1408 cohortem,
303 1335 328 1396 si
350 1336 414 1396 eius
435 1334 535 1395 uexilli
561 1335 661 1396 hostes
690 1334 776 1413 potiti
805 1344 919 1407 essent,
950 1335 1091 1414 princeps
1113 1336 1177 1415 ipse

98 1439 153 1501 per
176 1421 284 1482 lessam
310 1419 482 1498 uallumque
505 1419 535 1480 in
552 1427 646 1480 castra
668 1419 791 1499 inrupit.
827 1419 946 1497 iamque
968 1419 1045 1480 intra
1068 1421 1177 1481 uallum
1198 1431 1214 1481 o

50 1515 76 1566 tt
97 1506 230 1585 Paeligni
257 1505 447 1586 pugnabant,
476 1524 544 1565 cum
570 1504 659 1566 altera
681 1514 766 1583 parte
789 1504 904 1566 Valerio
928 1504 1032 1565 Flacco
1055 1505 1176 1567 tribuno

97 1591 224 1652 militum
253 1590 356 1652 tertiae
383 1591 508 1669 legionis
536 1588 736 1670 exprobrante
762 1589 903 1650 Romanis
931 1590 1095 1670 ignauiam,
1125 1591 1176 1670 qui

97 1677 186 1738 sociis
201 1685 356 1757 captorum
372 1685 535 1737 castrorum
553 1675 754 1736 concederent
768 1675 868 1748 decus,
884 1674 917 1734 Τ.
934 1675 1080 1737 Pedanius
1094 1675 1178 1756 priu-
1199 1686 1215 1734 t

98 1781 170 1842 ceps
192 1763 307 1842 primus
329 1761 480 1835 centurio,
511 1779 579 1821 cum
600 1761 742 1840 signifero
765 1759 884 1839 signum
906 1760 1078 1835 ademisset,
1102 1755 1176 1822 ‘lam

98 1848 156 1908 hoc
179 1847 298 1926 signum
315 1854 344 1907 et
359 1847 406 1908 hic
421 1835 566 1908 centurio‘
592 1845 690 1925 inquit
708 1837 800 1906 ‘intra
823 1845 933 1906 uallum
953 1846 1082 1908 hostium
1104 1847 1177 1924 erit;

50 1941 77 1992 bt
97 1941 273 2011 sequantur,
295 1932 346 2010 qui
362 1931 426 2011 capi
448 1932 566 2010 signum
589 1929 626 1990 ab
647 1932 731 1991 hoste
754 1930 930 2010 prohibituri
953 1921 1041 1993 sunt’
1081 1933 1177 1994 mani·

98 2019 218 2097 pularcs
240 2017 286 2079 sui
315 2017 443 2096 primum
471 2017 732 2078 transcendentem
760 2016 885 2089 fossam,
912 2016 980 2077 dein
1010 2017 1087 2094 legio
1116 2025 1177 2079 tota

97 2111 199 2165 secuta
216 2113 270 2164 est.
304 2102 360 2163 iam
376 2113 406 2163 et
421 2100 534 2177 consul,
553 2101 589 2163 ad
604 2109 800 2181 conspectum
817 2101 1098 2179 transgredientium
1113 2103 1176 2164 ual-
1198 2111 1214 2163 8

97 2189 159 2249 lum
177 2196 290 2249 mutato
306 2188 441 2259 consilio,
464 2188 500 2248 ab
517 2187 687 2249 reuocando
710 2186 942 2266 recipiendoque
958 2188 993 2248 ad
1009 2187 1177 2249 incitandos

98 2274 322 2352 hortandosque
344 2291 450 2335 uersus
472 2272 593 2347 milites,
617 2272 789 2347 ostendere,
818 2272 849 2332 in
872 2281 984 2351 quanto
1006 2271 1177 2333 discrimine

48 2366 75 2417 15
97 2378 131 2421 ac
154 2359 290 2439 periculo
312 2358 471 2420 fortissima
500 2358 607 2419 cohors
634 2357 785 2419 sociorum
807 2365 837 2417 et
858 2356 967 2418 ciuium
991 2356 1068 2434 legio
1090 2365 1177 2419 esset.
1213 2419 1218 2427 ,

100 2446 200 2523 itaque
224 2463 279 2524 pro
294 2463 326 2505 se
342 2444 467 2523 quisque
482 2462 588 2504 omnes
610 2461 664 2523 per
678 2460 771 2521 aequa
794 2450 883 2520 atque
900 2442 1001 2520 iniqua
1020 2442 1094 2516 loca,
1110 2460 1178 2504 cum
1200 2452 1216 2503 s

100 2530 234 2609 undique
256 2529 313 2589 tela
336 2529 561 2602 conicerentur,
590 2546 730 2606 armaque
752 2534 782 2587 et
803 2544 930 2606 corpora
955 2527 1055 2589 hostes
1078 2526 1178 2589 obice·

100 2624 183 2689 rent,
213 2614 382 2694 peruadunt
403 2614 647 2693 inrumpuutque.
692 2612 777 2673 multi
800 2611 944 2673 uolnerati
972 2612 1074 2685 etiam,
1103 2630 1180 2691 quos

101 2700 180 2761 uires
202 2708 233 2759 ct
253 2698 374 2777 sanguis
396 2699 560 2773 desereret,
588 2707 622 2759 ut
643 2698 721 2758 intra
743 2697 854 2759 uallum
876 2698 1005 2758 hostium
1029 2698 1178 2772 caderent,

47 2784 282 2847 enitebantur.
330 2792 415 2864 capta
443 2784 542 2862 itaque
570 2791 723 2844 momento
754 2783 896 2862 temporis
923 2783 1007 2845 uelut
1037 2782 1068 2844 in
1090 2783 1179 2863 plano
1202 2790 1231 2843 td

188 2939 200 2987 1
221 2933 326 3001 aliquod
338 2934 409 3002 Pqt
427 2933 571 2987 militumP
593 2933 732 2985 multorum
750 2934 795 2983 uel
812 2932 949 2985 multomm
967 2933 1077 2985 militum
1095 2933 1180 3001 Geyer

99 3018 143 3067 op.
163 3003 194 3053 H.
207 3002 232 3054 J.
250 3002 369 3054 Mueller.
388 3002 428 3054 ed.
450 3002 547 3053 Terebra.
575 3001 654 3053 multa
680 3002 725 3051 oet
745 3001 824 3053 multa
843 3001 952 3052 militum
970 3002 1001 3054 H.
1015 3003 1038 3053 J.
1051 3002 1179 3065 Mueller5

100 3073 180 3121 etiam
193 3085 224 3122 ac
237 3072 349 3137 pernicie
362 3071 472 3122 militum
485 3071 624 3135 contutari
638 3070 653 3120 3
667 3069 760 3135 legatis
771 3066 930 3133 Alschefski,
948 3085 999 3120 om.
1011 3069 1053 3136 ΡΙΙ
1067 3073 1082 3121 5
1095 3075 1178 3121 castra

102 3137 216 3203 Crevier,
230 3154 279 3189 om.
294 3138 335 3205 Pl
348 3142 362 3191 'l
377 3138 446 3207 quod
460 3139 502 3205 Pil
514 3140 529 3191 8
542 3136 650 3190 concilia
663 3138 705 3204 Pq
721 3140 751 3190 to
763 3137 878 3203 proxima
892 3146 911 3200 ς
929 3136 1044 3202 proxime
1057 3136 1100 3203 Pq
1113 3137 1179 3189 torte

102 3207 214 3259 hostium
237 3207 329 3259 castris
351 3206 396 3258 uel
419 3206 437 3261 1.
462 3206 551 3259 castris
576 3206 689 3258 hostium
713 3208 809 3270 scripsi
832 3204 888 3255 Em.
907 3204 968 3255 Liu.
986 3204 1029 3255 111
1046 3205 1078 3256 19
1113 3204 1179 3256 sorte

99 3274 231 3339 [hostium]
250 3273 360 3340 Madvig
387 3275 452 3327 lorte
471 3274 587 3327 hostibus
604 3273 747 3325 Weissenb.
774 3275 862 3340 portae
880 3272 1034 3323 hostiumP
1058 3287 1088 3323 ea
1107 3279 1180 3337 parte

101 3343 219 3395 hostibus
237 3341 326 3394 Maur.
344 3343 456 3394 Mueller
488 3356 518 3393 ea
537 3346 608 3409 purte
626 3341 695 3393 hosti
712 3341 843 3392 Ilientonn
862 3340 872 3407 ll
896 3341 925 3392 11
946 3354 1038 3391 secans
1057 3340 1182 3390 Huebner

101 3424 177 3463 scens
189 3410 231 3473 P¹,
250 3411 301 3462 del.
318 3410 353 3463 P‘
363 3410 372 3479 ΙΙ
387 3417 514 3476 arreptum
527 3410 559 3462 P¹
586 3414 702 3477 ereptum
719 3408 761 3475 P2,
778 3408 826 3460 sed
838 3410 920 3471 prior
937 3422 951 3459 e
968 3423 1064 3458 rursus
1081 3408 1181 3474 masal

103 3482 133 3532 12
151 3480 267 3531 hostium
284 3480 395 3530 uidetur
414 3478 552 3530 delendum
571 3483 602 3530 ut
619 3494 653 3529 ecc
666 3478 792 3558 praeced.
810 3479 952 3541 repetitum
970 3475 1115 3541 11141038ἷι
1133 3478 1156 3527 Ρ
1171 3476 1182 3542 [Ι

104 3550 133 3599 tt
151 3551 294 3601 castrorum
312 3550 339 3611 ς,
357 3562 407 3598 om.
426 3546 468 3613 Pll
481 3550 513 3599 20
532 3548 575 3614 qui
594 3546 628 3599 P’
655 3546 679 3597 hr
698 3547 728 3597 P'
747 3546 803 3613 1113
822 3545 855 3596 ab
873 3547 893 3607 ς
919 3543 952 3595 ad
969 3546 997 3606 P,
1019 3544 1091 3609 quod
1107 3560 1181 3595 nunc

101 3632 208 3667 erasum
225 3620 266 3666 eet
286 3614 296 3682 ll
317 3614 516 3734 recipiendoque
540 3616 585 3665 uel
605 3613 802 3681 reducendoque
824 3615 928 3665 conieci
945 3612 1004 3664 Em.
1022 3612 1083 3667 bic.
1102 3613 1131 3663 11
1148 3612 1181 3664 10

101 3683 276 3750 restandoque
293 3682 340 3734 uel
355 3698 471 3735 remoran
490 3698 558 3749 oque
578 3683 721 3736 Weieemb.
740 3697 791 3749 que
809 3682 837 3746 P,
856 3697 906 3733 om.
925 3686 960 3745 ς,·
980 3679 1124 3733 resistendo
1141 3695 1181 3732 re·

101 3752 271 3833 nocandoque
289 3750 378 3804 Maur.
398 3751 509 3803 Mueller
525 3750 535 3819 fl
552 3753 585 3804 29
604 3752 670 3802 uires
694 3766 749 3802 ras.
766 3766 802 3800 ecc
818 3764 889 3801 utres
907 3750 930 3799 P
944 3748 955 3816 l
971 3753 998 3801 et
1015 3749 1119 3816 sanguis
1137 3748 1183 3799 uel

102 3834 132 3871 ec
148 3834 256 3887 sanguis
273 3821 319 3872 uel
335 3820 492 3887 sanguisque
510 3822 529 3884 ς
556 3819 659 3885 sanguis
678 3820 701 3870 P
757 3880 766 3893 ⁰

153 3912 233 3956 Liuius
248 3910 279 3954 lll
997 3906 1027 3955 l'l
