2734 4250
180 144 242 205 264
591 144 687 199 LlBEll
703 144 782 211 XXX,
800 149 832 201 19
1102 172 1123 206 ι.
1137 174 1160 206 u.
1173 174 1195 207 c.
1208 166 1246 207 ut

125 324 186 383 11.
263 318 348 399 llago
369 317 519 400 proximae
547 318 664 380 silentio
695 317 792 379 noctis
819 319 986 398 proiectus,
1015 327 1160 398 quantum
1187 322 1249 399 pati

178 404 243 466 uiae
258 422 312 485 per
326 403 436 466 uulnus
450 413 568 483 poterat
581 402 738 465 itineribus
759 404 895 476 extentis,
917 404 953 464 ad
974 420 1057 478 mare
1077 405 1109 465 in
1126 403 1250 485 Ligures

141 499 157 550 1
177 489 327 569 Ingaunos
349 490 495 569 peruenit.
538 489 579 550 ibi
601 506 670 550 eum
691 488 779 567 legati
801 489 837 549 ab
858 488 1034 567 Cartbagine
1056 489 1160 569 paucis
1180 500 1252 551 ante

178 574 282 636 diebus
303 574 333 635 in
356 575 454 635 sinum
477 574 619 635 Gallicum
642 572 771 653 adpulsis
797 573 923 635 nauibus
949 573 1086 635 adierunt
1112 573 1253 637 iubentes

142 659 274 739 aprime
290 676 410 738 quoque
423 668 558 739 tempore
574 660 604 720 in
626 658 753 720 Africam
776 658 916 732 traicere3
939 658 968 719 id
991 668 1023 721 et
1043 660 1166 721 tratrem
1188 660 1291 721 eiust
1362 669 1363 682 ¹

178 742 374 805 Hannibalem
389 778 431 791 -
446 762 514 805 nam
530 745 566 805 ad
582 760 649 805 eum
666 761 787 823 quoque
801 744 860 806 isse
874 742 985 822 legatos
1000 743 1101 805 eadem
1120 744 1253 806 iubentis

176 863 218 875 -
240 830 402 906 iacturum;
426 848 486 891 oon
502 829 532 891 in
549 847 585 891 eo
600 848 665 891 esse
681 828 971 907 Carthaginiensium
993 846 1052 902 res,
1073 838 1108 890 ut
1128 829 1253 891 Galliam

139 925 156 976 4
177 922 265 993 atque
280 913 391 977 ltaliam
406 914 494 976 armis
509 914 672 995 optineant.
702 914 787 993 llogo
802 931 862 975 non
879 914 1004 993 imperio
1019 915 1108 976 modo
1129 925 1254 977 senatos

178 998 371 1079 periculoque
385 999 496 1079 patriae
511 1008 618 1072 motus,
639 998 690 1061 sed
707 1007 843 1061 metuens
861 998 958 1073 etiam,
980 1017 1019 1060 ne
1041 1000 1139 1061 uictor
1160 1000 1255 1062 bostis

179 1084 305 1146 moranti
327 1085 466 1158 instaret,
496 1084 679 1164 liguresque
708 1083 779 1164 ipsi,
806 1083 935 1163 relinqui
964 1083 1075 1145 ltaliam
1104 1084 1257 1147 al’oenis
1277 1094 1305 1146 tr

178 1178 345 1243 cernentes,
367 1169 403 1230 ad
418 1188 478 1243 eos,
501 1186 628 1248 quorum
643 1169 759 1230 morin
775 1174 920 1249 potestate
934 1170 1026 1231 loturi
1047 1179 1158 1242 essent,
1179 1171 1254 1232 deli·

140 1264 296 1329 coenent,
324 1254 411 1316 simul
432 1272 556 1334 sperans
584 1253 728 1315 leniorem
756 1254 787 1315 in
817 1254 1007 1332 nauigatione
1035 1272 1125 1333 mam
1151 1255 1181 1316 in
1204 1256 1253 1316 oia

179 1340 366 1402 iactationem
381 1339 515 1401 uolneris
537 1340 600 1401 lore
622 1348 653 1400 et
673 1339 820 1401 curationi
842 1339 941 1401 omnia
963 1340 1174 1411 commodiora,
1197 1340 1254 1401 im·

179 1425 282 1506 positis
304 1424 397 1504 copiis
419 1426 449 1485 in
474 1440 565 1486 naues
586 1425 749 1503 proiectos,
771 1423 893 1486 uixdum
915 1433 1052 1505 superata
1065 1424 1201 1486 Sardinia
1216 1444 1255 1486 ex

179 1510 305 1571 uulnere
328 1509 463 1571 moritur.
508 1526 600 1571 naues
629 1526 749 1587 quoque
776 1509 889 1588 aliquot
915 1510 1085 1571 Poenomm
1114 1510 1257 1572 disiectae
1279 1519 1307 1571 11

174 1596 211 1656 ln
228 1596 287 1656 alto
303 1594 340 1655 ab
356 1595 448 1657 classe
463 1594 605 1668 Romana,
627 1612 702 1673 quae
716 1594 795 1656 circa
810 1593 975 1656 Sardiniam
991 1604 1063 1666 eret,
1084 1595 1255 1675 capiuntur.

144 1690 161 1741 1
184 1680 255 1741 baec
269 1688 349 1740 terra
364 1680 496 1758 marique
511 1679 541 1740 in
558 1688 642 1759 parte
664 1678 773 1754 ltaliae,
796 1696 871 1758 quae
893 1680 969 1742 iacet
990 1679 1027 1741 ad
1047 1679 1138 1761 Alpis,
1160 1689 1256 1758 gesta.

268 1763 378 1825 Consul
393 1763 425 1825 C.
441 1763 584 1825 Seruilius
599 1763 678 1826 nulla
694 1764 877 1826 memorabili
892 1765 971 1825 rein
994 1765 1148 1845 prouincia
1163 1764 1257 1826 Etru·
1362 1809 1363 1856 ,

144 1849 223 1911 tria
246 1847 459 1927 Galliaque-
482 1866 550 1909 nam
574 1868 609 1910 eo
632 1867 753 1928 quoque
774 1859 1022 1929 processerat-
1044 1859 1142 1929 gesta,
1168 1859 1259 1929 patre

182 1933 213 1995 C.
236 1932 362 1995 Seruilio
391 1941 422 1995 et
444 1932 475 1995 C.
499 1933 614 1995 Lutatio
644 1953 681 1996 ex
702 1935 846 1996 seruitute
867 1943 936 2014 post
963 1944 1078 1996 sextum
1106 1934 1259 1996 decimum
1282 1943 1309 1994 11

180 2036 292 2081 annum
308 2018 443 2098 receptis,
466 2019 517 2097 qui
532 2020 567 2080 ad
590 2019 690 2081 uicum
712 2019 880 2080 Tannetum
902 2019 1004 2081 aBois
1025 2020 1103 2100 capti
1124 2020 1260 2094 lucrant,

143 2104 250 2168 thino
271 2114 354 2185 patre
383 2103 453 2166 binc
475 2103 577 2166 Catulo
600 2103 682 2167 lateri
704 2104 891 2167 circumdatis
911 2104 1029 2185 priuato
1050 2105 1144 2185 magis
1165 2123 1259 2185 qnam

144 2202 160 2253 e
180 2190 300 2272 publico
315 2190 422 2251 decore
444 2188 568 2269 insignis
583 2189 706 2252 Romam
726 2191 822 2252 rediit.
865 2190 955 2252 latum
976 2190 1014 2250 ad
1034 2191 1179 2271 populum
1201 2201 1260 2262 est,

152 2285 154 2292 “
182 2294 220 2337 ne
236 2275 266 2338 C.
283 2274 409 2337 Seruilio
430 2273 525 2336 iraudi
546 2283 632 2349 esset,
654 2276 733 2354 quod
749 2283 842 2355 patre,
862 2275 913 2354 qui
926 2275 998 2337 sella
1012 2275 1107 2337 curuli
1121 2275 1262 2348 sedisset,

182 2362 268 2432 uiuo,
297 2379 364 2422 cum
393 2360 422 2421 id
445 2359 611 2438 ignoraret,
640 2359 780 2422 tribunus
801 2358 895 2440 plebis
916 2369 1005 2440 atque
1032 2360 1134 2422 aedilis
1160 2360 1262 2441 plebis
1283 2369 1313 2420 11

181 2447 299 2520 luisset,
321 2453 425 2507 contra
440 2462 527 2523 quam
542 2453 678 2506 sanctum
693 2445 808 2524 legibus
822 2455 894 2506 erat.
937 2445 992 2506 bac
1011 2445 1166 2524 rogatione
1187 2465 1261 2527 per-

184 2531 239 2592 lata
261 2531 291 2592 in
314 2530 500 2609 prouinciam
522 2529 618 2591 rediit.

133 2625 161 2678 1⁰
267 2615 310 2676 Ao
327 2614 379 2676 Cn.
392 2614 550 2676 Seruilium
567 2614 732 2688 consulem,
747 2613 845 2693 quiin
859 2614 981 2676 Bruttiis
996 2625 1069 2688 erat,
1085 2614 1262 2686 Consentia,

183 2701 348 2778 Aufugum,
371 2699 500 2779 Bergae,
522 2699 670 2772 Besidiae,
693 2699 882 2770 Ocriculum,
904 2699 1120 2780 Lymphaeum,
1142 2702 1262 2779 Argen·

183 2795 303 2858 tanum,
338 2784 496 2864 Clampetia
524 2784 668 2864 multique
696 2785 744 2845 alii
774 2784 919 2864 ignobiles
950 2784 1070 2865 populi,
1103 2795 1318 2847 senescerere

132 2878 160 2930 tt
182 2869 327 2930 Punicum
343 2867 453 2930 bellum
468 2877 634 2943 cernentes,
658 2868 802 2931 deiecere.
846 2869 923 2930 idem
939 2869 1045 2930 consul
1058 2887 1127 2930 cum
1142 2869 1262 2931 Hanni·

183 2953 247 3015 bale
269 2953 300 3014 in
322 2969 392 3033 agro
415 2954 602 3016 Crotoniensi
631 2953 693 3015 acie
715 2954 856 3016 conllixit.
900 2953 1027 3016 obscura
1048 2955 1114 3017 eius
1141 2973 1263 3035 pugnae

183 3039 258 3100 lama
280 3047 333 3100 est.
363 3037 494 3100 Valerius
509 3039 611 3100 Antias
628 3039 760 3118 quinque
775 3039 853 3102 milia
867 3039 996 3102 bostium
1012 3058 1097 3101 caesa
1111 3040 1168 3114 ait;
1183 3059 1263 3119 quae

182 3133 263 3186 tuom
279 3133 390 3196 retest,
407 3134 440 3186 ut
449 3133 500 3186 aut
514 3123 704 3204 impudenter
718 3125 784 3186 licta
799 3125 839 3187 sit
852 3133 903 3187 aut
917 3125 1111 3205 neglegenter
1126 3137 1263 3205 praeter·

188 3227 392 3239 ...ι-

251 3272 1266 3342 2uiaePdle2'2113affllbtraicereab’2traitrteretPltleademP'ab’²

183 3343 256 3396 adem
270 3342 301 3393 P¹
315 3341 352 3411 lss
371 3347 447 3409 atque
466 3341 699 3407 imitamentum
714 3345 744 3396 11
763 3342 871 3395 instaret
888 3344 995 3394 moranti
1010 3346 1049 3393 Σ·
1061 3342 1071 3406 Ι
1084 3345 1116 3395 11
1134 3343 1262 3395 leuiorem

183 3413 242 3477 2¹l
257 3414 288 3464 13
307 3410 446 3462 curationis
458 3409 497 3460 Σι
508 3409 518 3476 ΙΙ
533 3412 564 3462 ll
583 3409 728 3477 praelectus
745 3410 785 3472 Ρ,
802 3426 874 3462 corr.
887 3410 918 3462 Ρ·
956 3413 987 3463 tt
1003 3411 1037 3462 ab
1049 3410 1089 3460 2¹
1105 3412 1176 3478 ιΡΙ
1188 3419 1266 3462 erant

183 3477 800 3614 11ὲέΡὲυῗῖἒῗῃΉεὲἕῧῗέἓὲΐῒέ
836 3477 1266 3612 lltirtttfflrmt'tt:

185 3613 208 3662 P
240 3613 271 3665 11
292 3628 304 3663 a
323 3613 381 3664 bois
398 3613 438 3663 Σ2
455 3627 469 3664 a
488 3613 555 3665 boiis
577 3631 630 3666 rar.
649 3631 684 3666 eo
702 3629 716 3665 a
735 3583 801 3666 bolis
818 3613 866 3680 ΡΙ
885 3615 917 3667 11
940 3614 1026 3666 catulo
1044 3583 1067 3664 P
1086 3619 1178 3680 patruo
1196 3613 1267 3680 2¹1

186 3679 219 3730 18
237 3681 366 3730 consentia
385 3697 420 3732 ea·
437 3681 593 3734 conscientia
607 3681 660 3750 P¹l
675 3684 708 3735 19
726 3682 847 3750 aoiogum
865 3682 1007 3749 Pulugum
1019 3681 1080 3747 2²}
1094 3681 1264 3749 lympbaeum

185 3745 209 3796 P
224 3743 353 3810 lyocreom
372 3747 417 3797 rael
433 3748 539 3800 lincrum
559 3751 596 3800 ΣΡ
614 3751 624 3816 l
642 3753 675 3804 30
694 3750 830 3818 clampetia
847 3751 872 3802 Ρ
885 3749 989 3818 impetit
1007 3749 1071 3816 2²!
1091 3751 1123 3803 31
1142 3749 1265 3803 deiecere

184 3809 259 3862 ΡΨ
278 3809 384 3864 delicere
401 3815 501 3880 P¹1133
519 3817 597 3870 millia
616 3820 638 3870 P
