2734 4250
207 144 268 204 268
627 145 721 198 LIBER
738 143 816 209 llllll,
835 147 867 197 tt
1152 162 1288 206 auem

168 329 184 377 a
204 318 344 396 reliquias
372 318 499 379 duorum
529 318 712 379 exercituum
742 335 809 378 cum
832 336 903 378 cura
925 316 1099 395 colligerent
1120 317 1289 395 darentque

207 421 343 483 operam,
374 422 412 464 ne
441 423 495 483 per
523 412 634 465 metum
664 421 699 463 ao
721 402 958 482 desperationem
980 402 1058 463 hosti
1080 420 1111 463 se
1133 402 1289 475 dederent,

207 488 236 548 id
252 488 331 566 quod
354 496 422 567 post
436 488 623 549 Cannensem
646 488 800 549 accidisset
822 488 945 561 cladem,
967 496 996 548 ct
1012 496 1046 547 ut
1061 488 1229 549 desertores
1251 486 1289 547 de

170 583 185 633 1
207 572 339 634 exercitu
354 574 496 635 uolonum
512 574 735 652 conquirerent.
768 572 844 633 idem
861 572 961 651 negoti
977 572 1009 632 P.
1022 572 1160 633 Cornelio
1176 572 1290 644 datum,

209 658 258 719 cul
280 666 310 718 et
332 658 457 720 dilectus
479 659 636 719 mandatus
658 669 734 732 erat;
764 658 846 737 isque
869 675 924 737 per
949 658 1011 718 lora
1035 657 1293 734 conciliabulaque
1315 668 1330 717 5

209 742 308 815 edixit,
323 751 357 803 ut
368 743 546 822 conquisitio
558 743 703 805 uolonum
717 743 802 804 lieret
816 742 896 823 iique
911 742 948 804 ad
963 741 1047 823 sigua
1062 743 1290 803 reducerentur.

209 828 281 888 baec
303 828 402 890 omnia
424 828 620 890 intentissima
642 847 713 889 cura
735 838 808 889 acta.

149 944 154 951 -
170 924 186 972 1
293 913 348 992 ΑΙ).
361 912 499 975 Claudius
512 913 619 974 consul
634 914 669 974 l).
681 914 768 975 lunio
784 914 819 974 ad
836 913 944 973 ostium
953 911 1101 986 Vulturni,
1117 911 1155 971 Μ.
1167 911 1292 972 Aurelio

213 997 296 1059 Cotta
311 998 441 1059 Puteolis
455 998 636 1079 praeposito,
659 1000 720 1078 qui,
744 1007 777 1060 ut
799 1016 934 1077 quaeque
956 1015 1048 1059 naues
1070 1016 1105 1057 ex
1121 995 1241 1057 Etruria
1257 1014 1292 1057 ae

211 1083 346 1143 Sardinia
361 1084 566 1158 accessissent,
588 1084 736 1163 extemplo
759 1084 790 1144 in
812 1090 907 1145 castra
920 1082 1074 1143 mitterent
1095 1082 1293 1155 frumentum,
1318 1091 1347 1143 tu

173 1178 189 1227 6
211 1168 276 1248 ipsc
298 1170 334 1229 ad
350 1168 478 1248 Capuam
493 1187 648 1249 regressus
663 1169 698 1240 Q.
711 1168 851 1230 Fuluium
866 1168 1008 1247 collegam
1031 1168 1147 1228 inuenit
1163 1166 1292 1228 Casilino

211 1254 310 1314 omnia
340 1254 546 1333 deportantem
576 1254 806 1332 molientemque
833 1255 869 1315 ad
898 1253 1126 1333 oppugnandam
1149 1250 1292 1331 Capuam.

173 1350 187 1398 ‘t
210 1350 272 1399 tum
294 1337 382 1398 ambo
405 1339 662 1401 circumsederunt
683 1339 788 1400 urbem
811 1347 841 1399 et
863 1336 1015 1399 Claudium
1031 1338 1180 1398 Neronem
1203 1355 1293 1416 prae-

174 1432 189 1483 8
210 1434 305 1484 torem
328 1423 364 1484 ab
382 1424 520 1486 Suessula
535 1443 571 1485 ex
588 1422 755 1486 Claudianis
777 1424 881 1485 castris
897 1423 1082 1484 exoiueruut.
1119 1423 1145 1483 is
1160 1440 1293 1501 quoque,

209 1509 327 1570 modico
349 1508 390 1571 ibi
412 1509 560 1588 praesidio
583 1510 618 1570 ad
635 1511 798 1571 tenendum
814 1509 912 1571 locum
928 1507 1043 1582 relicto,
1067 1507 1173 1569 ceteris
1195 1508 1295 1569 omni·
1319 1518 1350 1567 11

210 1594 266 1654 bus
281 1594 375 1675 copiis
389 1594 425 1655 ad
441 1594 571 1674 Capuam
586 1594 749 1657 deseendit.
779 1595 818 1655 ita
834 1594 889 1655 tria
904 1594 1052 1674 praetoria
1067 1594 1144 1653 circa
1161 1592 1293 1673 Capuam

211 1687 324 1752 erecta;
339 1688 400 1740 tres
416 1680 563 1741 exereitus
578 1679 703 1741 diuersis
718 1678 853 1761 partibus
868 1698 943 1758 opus
955 1678 1089 1757 adgressi
1103 1678 1182 1738 lossa
1197 1678 1293 1739 uallo·

212 1782 269 1842 que
291 1763 475 1825 circumdare
490 1764 596 1825 urbem
612 1773 719 1845 parant
734 1776 763 1826 et
778 1763 895 1827 castella
910 1763 1039 1825 excitant
1059 1762 1183 1824 modicis
1198 1763 1292 1824 inter-

173 1857 188 1907 1
210 1848 303 1920 uallis,
326 1848 484 1928 multisque
503 1850 593 1912 simul
609 1850 683 1911 locis
698 1869 766 1911 curn
782 1847 1010 1929 prohibentibus
1025 1866 1118 1927 opera
1134 1846 1292 1928 Campanis

214 1951 249 1993 eo
272 1944 383 1994 euentu
405 1945 551 2013 pugnant,
573 1944 606 1997 ut
628 1946 780 2014 postremo
795 1935 889 2015 portis
910 1952 1057 2014 muroque
1076 1953 1108 1995 se
1123 1934 1293 1995 contineret
1316 1942 1346 1993 tu

161 2028 189 2079 to
211 2018 385 2098 Campanus.
410 2020 494 2099 prius
509 2029 617 2094 umen,
634 2038 722 2099 quam
739 2021 811 2081 baec
823 2020 1072 2081 continuarentur
1087 2036 1186 2098 opera,
1203 2018 1291 2097 legati

212 2103 247 2165 ad
262 2104 458 2166 Hannibalem
472 2106 564 2180 missi,
586 2107 638 2185 qui
660 2114 860 2186 quererentur
880 2104 1025 2166 desertam
1047 2103 1085 2165 ab
1107 2124 1143 2166 eo
1159 2104 1290 2185 Capuam

213 2208 247 2250 ac
268 2208 363 2270 prope
385 2190 527 2252 redditam
550 2191 691 2253 Romanis
715 2199 1009 2270 optestarenturque,
1039 2199 1072 2252 ut
1093 2199 1165 2252 tune
1187 2191 1290 2252 saltem

213 2293 299 2354 opem
323 2295 384 2337 uon
408 2276 609 2338 circumsessis
630 2278 719 2338 modo
742 2277 793 2338 sed
821 2277 907 2337 etiam
937 2275 1166 2338 circumuallatis
1188 2277 1290 2338 lerret.

163 2369 191 2420 11
216 2360 389 2422 consulibus
404 2361 519 2422 litterae
533 2381 549 2422 a
564 2362 597 2422 P.
610 2360 748 2423 Cornelio
764 2370 902 2441 praetore
918 2362 1034 2436 missae,
1056 2369 1099 2433 ut,
1119 2361 1292 2440 priusquam
1315 2369 1342 2418 m

212 2445 385 2507 clauderent
411 2447 540 2526 Capuam
569 2445 727 2527 operibus,
757 2455 932 2526 potestatem
963 2447 1120 2526 Campanis
1147 2446 1291 2519 lacerent,

210 2540 259 2604 ut,
290 2532 342 2610 qui
369 2549 472 2592 eorum
501 2532 627 2607 uellent,
657 2533 773 2593 exirent
795 2550 811 2592 a
835 2531 932 2611 Capua
960 2550 1089 2610 suasque
1112 2551 1159 2593 res
1188 2551 1289 2594 secum

161 2623 190 2675 11
212 2617 341 2677 ferrent:
372 2615 483 2678 liberos
511 2619 574 2678 lore
596 2636 708 2697 suaque
737 2617 834 2678 omnia
865 2617 1032 2690 babituros,
1061 2616 1203 2695 quiante
1227 2619 1291 2679 idus

211 2700 330 2762 llartias
359 2701 504 2777 exissent;
533 2710 602 2782 post
629 2721 693 2764 eam
723 2703 799 2763 diem
830 2701 940 2782 quique
964 2703 1094 2764 exissent
1115 2702 1227 2782 quique
1249 2702 1289 2763 ibi

160 2795 189 2846 11
209 2786 398 2859 mansissent,
421 2787 551 2848 hostium
564 2789 680 2849 futuros
704 2805 839 2848 numero.
877 2806 910 2848 ea
927 2787 1119 2867 pronuntiata
1135 2787 1291 2866 Campanis
1311 2797 1341 2848 to

211 2879 301 2948 atque
322 2871 363 2931 ita
385 2880 493 2950 spreta,
515 2881 549 2933 nt
564 2873 642 2934 ultro
665 2872 860 2934 contumelias
882 2871 1015 2934 dicerent
1033 2873 1288 2952 minarenturque.

162 2965 191 3016 11
212 2954 361 3015 Hannibal
383 2954 419 3015 ab
443 2957 599 3019 llerdnnca
622 2957 783 3020 Tarentum
811 2959 936 3018 duxerat
957 2957 1090 3036 legiones
1111 2976 1164 3037 spe
1188 2966 1238 3018 aut
1259 2959 1289 3018 ui

212 3048 263 3100 aut
277 3040 345 3102 dolo
360 3041 437 3102 arcis
451 3041 629 3104 larentinae
645 3044 815 3123 potiundae.
848 3043 928 3122 quod
946 3043 998 3102 ubi
1013 3061 1118 3123 parum
1133 3045 1289 3121 processit,

161 3135 189 3185 11
211 3125 248 3186 ad
263 3126 453 3188 Brundisium
475 3129 557 3189 llexit
579 3129 644 3204 iter,
667 3128 753 3208 prodi
768 3128 797 3189 id
813 3127 956 3208 oppidum
976 3139 1067 3190 ratus.
1104 3127 1145 3188 ibi
1169 3147 1289 3207 quoque

300 3281 311 3330 l
338 3276 495 3328 exercituum
520 3277 554 3327 1²¹
587 3278 727 3330 exercitum
751 3279 782 3329 P¹
801 3277 812 3344 l
834 3278 1000 3346 darentqnem
1018 3277 1069 3346 Pl
1092 3281 1226 3332 Pmecum
1245 3279 1290 3346 Pl

212 3359 243 3396 ae
261 3361 295 3395 ex
313 3360 327 3396 a
345 3345 378 3395 P¹
400 3343 410 3412 l
431 3344 617 3397 buolonorunx
634 3347 687 3412 Pl
708 3345 781 3398 fleret
799 3363 834 3397 eac
851 3345 907 3398 lieri
926 3346 987 3414 P¹l
977 3346 1112 3414 liqueP
1142 3347 1288 3414 repertique

211 3413 423 3464 Forcbbammer
440 3417 468 3463 at
484 3412 621 3480 Madvig}
639 3417 732 3466 'leura
751 3431 804 3465 raa.
822 3431 857 3464 erc
874 3415 1019 3480 curamPl
1034 3415 1107 3467 Sa'.
1125 3415 1203 3466 P¹
1186 3415 1291 3482 p.P²l

213 3483 244 3534 11
263 3480 470 3548 calisinoPl12
487 3413 666 3548 deportantem
687 3483 829 3534 Weiareab.
855 3481 1114 3564 iudeportanteml
1072 3431 1202 3582 pepp
1128 3483 1289 3536 molientem-

211 3561 263 3613 que
280 3552 299 3612 ς
324 3548 473 3601 molientem
491 3550 534 3616 Pl
546 3551 717 3616 oppugnanda
730 3551 767 3616 Pl
763 3551 772 3618 l
788 3552 818 3602 16
837 3551 918 3618 copiis
931 3552 965 3602 1²¹
990 3565 1062 3616 copis
1078 3551 1101 3602 P
1122 3550 1131 3617 l
1148 3554 1177 3602 l'l
1198 3555 1288 3616 trees

212 3625 265 3666 tres
284 3617 346 3667 etP
368 3619 396 3667 ct
412 3624 464 3668 tres
476 3617 559 3670 dubit.
573 3621 642 3672 coni.
657 3618 769 3683 Madvig
781 3619 840 3669 Em.
852 3619 913 3670 Liar.
927 3618 978 3671 363
991 3618 1000 3686 ΙΙ
1016 3621 1046 3672 18
1058 3617 1217 3672 circumdare
1234 3637 1287 3672 rna.

212 3699 247 3734 eac
264 3681 433 3736 circumdaret
450 3685 474 3735 P
487 3684 497 3752 ΙΙ
515 3687 548 3738 20
566 3691 635 3751 eng
661 3686 693 3738 ed
712 3688 758 3753 Pl
778 3687 921 3738 contineret
938 3703 992 3739 rna.
1011 3703 1046 3738 ee
1064 3687 1225 3740 continerent
1243 3687 1287 3754 Pl

213 3753 246 3804 23
270 3750 389 3802 traditam
414 3751 522 3804 Crevier
547 3750 558 3817 l
585 3754 616 3806 28
641 3754 736 3807 terrent
759 3754 871 3820 Madvig
911 3754 1034 3807 inferrent
1057 3757 1081 3806 P
1111 3755 1170 3808 inde
1194 3755 1287 3808 ferrem

215 3819 361 3871 Wetaaerad.
380 3820 510 3872 aulerrent
527 3825 546 3885 ς
566 3822 576 3888 Ι
598 3824 630 3874 at
648 3823 675 3874 id
693 3839 746 3874 rus.
765 3839 800 3874 ee
817 3821 897 3887 th‚·
918 3821 1072 3890 proditum
1064 3825 1094 3874 xri
1112 3823 1139 3876 id
1157 3823 1287 3876 Riemann
