2734 4250
210 103 250 163 26
591 103 685 157 uuult
703 103 792 172 XXVI,
810 108 851 159 21.
869 108 901 160 22
1137 134 1158 167 a.
1173 134 1196 167 u.
1212 134 1234 167 c.
1247 123 1286 165 est
1350 108 1351 119 ¹

209 295 285 357 quae
307 277 486 350 defecerant,
508 277 541 337 in
563 277 711 339 dicionem
733 277 847 357 redegit
869 286 958 357 atque
975 297 1012 340 ex
1034 279 1070 341 iis
1085 278 1283 360 Murgentiam

169 399 171 404 -
211 362 358 442 Hispanis,
381 361 493 441 quibus
509 361 583 424 urbs
603 380 734 442 agerque
756 362 919 425 debebatur
941 380 977 424 ex
994 374 1114 426 senatus
1136 366 1283 439 consulto,

209 446 352 509 attribuit.

153 538 196 595 ut
296 532 439 594 Consules
459 550 529 593 cnm
541 531 630 593 ambo
644 532 780 613 Apuliam
795 532 979 613 prouinciam
994 533 1148 608 baberent,
1170 536 1284 597 minus·
1350 510 1351 587 f

210 636 269 697 que
296 618 353 679 iam
379 616 503 678 terroris
531 617 679 680 aPoenis
707 628 737 680 et
765 617 932 680 Hannibale
961 628 1054 692 esset,
1082 619 1183 681 sortiri
1214 618 1315 681 iussit

209 702 345 782 Apuliam
357 701 619 780 Macedoniamque
634 703 814 783 prouincias.
841 701 972 782 Sulpicio
987 703 1160 767 Macedonia
1174 707 1284 778 euenit,

172 788 294 867 uisque
315 787 448 850 Laeuino
477 788 629 849 successit
680 786 804 850 Fuluius
826 788 950 850 Romam
979 789 1170 851 comitiorum
1198 808 1284 853 causa

209 872 367 935 arcessitus
388 892 455 934 cum
484 872 601 934 comitia
630 872 803 935 consulibus
828 872 968 954 rogandis
995 872 1132 949 baberet,
1162 893 1284 955 praero-

209 958 308 1038 gatiua
330 957 450 1019 Voturia
478 958 628 1020 iuniorum
658 957 692 1020 Τ.
715 957 856 1019 Manlium
886 957 1069 1038 Torquatum
1097 969 1128 1021 et
1155 960 1191 1021 T.
1216 960 1285 1023 Ota-

171 1054 187 1105 t
208 1043 309 1105 cilium
323 1042 477 1105 absentem
490 1041 630 1105 consules
645 1043 726 1105 dixit.
764 1062 832 1105 eum
850 1043 887 1105 ad
902 1043 1052 1118 Manlium,
1075 1044 1127 1124 qui
1142 1063 1285 1125 praesens
1303 1052 1324 1103 tu

209 1138 282 1202 erat,
304 1128 472 1209 gratulandi
492 1146 580 1189 causa
600 1128 689 1190 turba
706 1129 809 1202 coiret,
832 1144 888 1190 nec
902 1127 1011 1191 dubius
1026 1138 1104 1193 esset
1119 1148 1284 1193 consensus

209 1214 328 1295 populi,
357 1232 463 1293 magna
486 1213 683 1276 cucrsmfusus
708 1212 796 1275 turba
818 1214 854 1275 ad
882 1214 1013 1275 tribunal
1041 1215 1175 1277 consulis
1204 1216 1284 1278 uenit

171 1310 186 1361 t
207 1300 349 1380 petitque,
366 1310 399 1361 ut
412 1316 506 1379 pauca
520 1317 572 1361 sua
588 1299 679 1361 uerba
695 1300 811 1361 audiret
825 1299 1058 1380 centuriamque,
1077 1317 1153 1378 quae
1170 1301 1284 1363 tulisset

172 1385 397 1465 ssulfragium‚
425 1384 559 1446 reuocari
591 1382 717 1446 iuberet.
767 1384 874 1446 erectis
901 1384 1041 1447 omnibus
1068 1386 1283 1465 expectatione.

210 1469 351 1549 quidnam
374 1470 576 1551 postulaturus
598 1479 690 1542 esset,
716 1469 873 1532 oculorum
894 1470 1094 1532 ualetudinem
1116 1472 1283 1534 excusauit:
1302 1478 1322 1527 lt

169 1566 187 1616 u
208 1555 410 1635 impudentem
433 1564 463 1615 et
483 1553 715 1635 gubernatorem
738 1563 768 1616 et
788 1555 996 1635 imperatorem
1019 1574 1096 1630 esse,
1119 1557 1189 1634 qui,
1218 1574 1282 1618 cum

210 1640 314 1701 alienis
328 1640 422 1702 oculis
436 1640 464 1700 ei
480 1639 579 1701 omnia
593 1641 706 1720 agenda
722 1639 791 1713 sint,
814 1640 943 1720 postulet
962 1639 1018 1703 sibi
1040 1640 1167 1702 aliorum
1191 1643 1282 1721 capita

171 1735 186 1784 'l
207 1743 242 1785 ac
257 1724 392 1786 fortunas
407 1725 559 1786 committi.
596 1724 734 1805 proinde,
751 1725 777 1786 si
792 1724 944 1787 uideretur
958 1726 995 1798 ei,
1017 1726 1114 1787 redire
1129 1727 1161 1787 in
1178 1728 1282 1789 suflra-

209 1810 291 1889 ginm
314 1809 464 1871 Voturiam
493 1810 644 1872 iuniorum
672 1809 789 1872 iuberet
814 1820 844 1871 et
864 1810 1033 1873 meminisse
1054 1811 1086 1872 in
1109 1812 1282 1873 consulibus

210 1894 345 1956 creandis
366 1894 450 1968 belli,
480 1896 560 1974 qnod
581 1895 611 1957 io
634 1894 715 1957 ltalia
737 1896 790 1967 sit,
821 1906 1049 1975 temporumque
1070 1896 1114 1957 rei
1137 1896 1282 1976 publicae.
1300 1904 1321 1953 u
1348 1926 1349 1949 1

169 1990 186 2042 8
208 1980 328 2042 uixdum
345 1980 495 2060 requiesse
510 1982 591 2043 auris
604 2000 621 2042 a
636 1980 762 2061 strepitu
777 1988 808 2041 et
822 1979 950 2042 tumultu
965 1979 1073 2053 hostili,
1095 1999 1154 2058 quo
1172 2000 1282 2061 paucos

210 2075 279 2128 ante
301 2083 419 2129 menses
442 2065 588 2130 sussurim
608 2083 702 2147 prope
719 2066 833 2129 moenia
848 2065 990 2128 Romana.
1026 2066 1192 2146 posthaec
1215 2084 1281 2130 cum

209 2152 344 2214 centuria
366 2153 507 2232 frequens
520 2152 729 2214 succlamasset
743 2151 817 2212 nibil
837 2169 869 2213 se
891 2160 1005 2213 mutare
1027 2153 1195 2215 sententiae
1218 2172 1280 2215 eos·

170 2238 333 2316 udemque
360 2238 499 2300 consules
526 2238 659 2300 dicturos
687 2255 766 2310 esse,
794 2246 858 2297 tum
887 2235 1054 2316 Torquatus
1079 2229 1199 2316 ‘neque
1228 2255 1279 2316 ego

208 2318 339 2385 uestros'
356 2323 454 2404 inquit
465 2317 577 2385 ‘mores
591 2322 698 2384 consul
712 2322 792 2383 l'err'e
806 2331 921 2402 potero,
941 2340 1039 2400 neque
1053 2339 1108 2384 uos
1123 2323 1280 2402 imperium
1299 2328 1320 2380 u

209 2426 317 2470 meum.
359 2410 453 2470 redite
481 2408 512 2469 in
535 2408 708 2488 suffragium
736 2417 765 2468 et
790 2407 915 2486 cogitate
940 2405 1051 2470 bellum
1072 2407 1222 2470 Punicum
1249 2408 1278 2469 in

157 2502 185 2553 tu
206 2492 288 2554 ltalia
316 2503 347 2555 et
374 2493 503 2555 bostium
532 2495 639 2556 ducem
662 2491 860 2554 Hannibalem
881 2483 964 2554 esse?
1010 2501 1072 2552 tum
1095 2493 1231 2555 centuria
1252 2500 1280 2552 et

208 2578 382 2640 auctoritate
403 2587 483 2641 mota
505 2579 562 2641 uiri
579 2587 609 2639 et
624 2578 834 2639 admirantium
848 2577 925 2638 circa
940 2576 1059 2639 fremitu
1074 2576 1160 2656 petiit
1175 2597 1192 2638 a
1208 2596 1278 2640 con-

156 2671 183 2724 11
206 2664 279 2738 sule,
301 2673 335 2724 ut
354 2663 505 2725 Voturiam
526 2664 678 2726 seniorum
701 2662 821 2724 citaret:
844 2661 920 2724 uelle
941 2679 1007 2724 sese
1029 2679 1097 2723 cum
1120 2662 1279 2724 maioribus

209 2757 281 2809 natu
302 2749 442 2827 conloqui
464 2757 494 2810 et
515 2768 551 2810 ox
572 2748 747 2810 auctoritate
769 2765 873 2808 eorum
887 2746 1025 2809 consules
1039 2747 1148 2809 dicere.
1187 2747 1279 2810 citatis
1296 2753 1321 2805 tt

208 2831 346 2894 Voturiae
368 2832 537 2896 senioribus
550 2834 649 2897 datum
664 2842 781 2896 secreto
798 2833 829 2894 in
845 2831 923 2894 uuili
938 2849 1006 2893 curn
1027 2831 1064 2894 iis
1079 2831 1278 2913 conloquendi

277 2969 293 3018 b
311 2970 380 3017 esset
397 2971 416 3030 ς
433 2979 491 3018 esse
508 2983 544 3018 ox
560 2982 602 3019 sse
614 2968 648 3018 Ρι
659 2968 670 3034 Ι
682 2970 698 3021 6
711 2965 952 3033 prouinciasulpicio
964 2966 988 3018 Ρ
1019 2969 1033 3018 7
1047 2965 1131 3032 iisqne
1142 2964 1230 3019 leuino
1242 2961 1278 3027 Pl

207 3034 224 3085 9
243 3034 343 3085 uoturia
361 3033 472 3099 Madvig
489 3035 588 3087 netnria
606 3036 648 3103 ΡΙ
663 3039 694 3089 10
712 3035 844 3086 absentem
857 3033 977 3086 eonsules
1005 3033 1158 3092 lxithtrt.
1177 3049 1230 3087 osas.
1241 3034 1276 3095 Pp
1350 3079 1351 3100 1

208 3115 266 3153 cum
283 3101 316 3153 ad
334 3102 455 3154 manlium
476 3102 672 3165 Weissonlom,
684 3119 735 3155 ossa
747 3101 790 3168 ΡΙΙ
804 3104 834 3155 12
849 3103 921 3155 turbs
935 3101 967 3153 sd
980 3104 1000 3166 ς
1012 3101 1090 3154 turisa
1103 3109 1131 3154 at
1142 3101 1181 3166 Pl
1193 3103 1223 3154 lll
1235 3115 1276 3182 pe

209 3168 301 3236 tiitqoe
319 3168 448 3221 Riemann
460 3171 471 3238 Ι
483 3171 621 3223 centuriam
641 3186 715 3240 naeq.
734 3170 837 3222 tulisset
853 3171 895 3234 ΡΙ
911 3172 942 3224 16
959 3169 1108 3238 impudente
1126 3169 1168 3236 ΡΙ
1183 3173 1213 3223 17
1226 3173 1275 3221 ssnt
1350 3183 1351 3188 ¹

207 3253 243 3288 ex
259 3239 293 3290 sit
310 3238 342 3289 1²¹
354 3237 365 3308 Ι
377 3238 486 3290 aliorum
503 3241 523 3303 ς
540 3246 600 3306 post
621 3188 699 3292 Minna
717 3239 759 3307 ΡΙΙ
775 3241 806 3292 18
824 3238 847 3290 ei
866 3237 977 3303 Madvig
1000 3243 1027 3290 et
1044 3237 1087 3305 Pi
1101 3240 1132 3290 lu
1150 3238 1274 3289 uoturisru

206 3304 318 3372 Madvig
340 3309 466 3359 netarium
484 3305 656 3374 P'nulornm
673 3306 880 3375 Plrneminisse
902 3309 922 3370 ς
942 3307 999 3358 Ine.
1016 3306 1097 3357 Grau
1121 3305 1274 3358 meminisset

206 3373 249 3440 ΡΙ
262 3376 295 3428 20
313 3375 339 3426 in
357 3376 418 3428 talis
430 3375 471 3439 ΡΙ
484 3375 587 3443 publice
602 3376 677 3439 Pras
692 3376 823 3443 requiesse
834 3390 888 3426 ras.
901 3389 937 3424 aas
947 3374 1104 3441 requiescens
1116 3373 1196 3439 Pllt
1208 3385 1274 3424 asse·
1350 3423 1351 3436 ἶ

207 3443 258 3494 rint
270 3445 298 3505 P,
316 3445 388 3508 quod
404 3444 523 3495 nondun
533 3445 643 3495 addetur
654 3444 821 3495 mandatum
832 3457 894 3502 essa.
906 3441 1014 3494 arserint
1025 3441 1176 3502 Alschefski
1186 3452 1273 3492 acaum
1350 3439 1351 3466 l

207 3511 260 3562 sint
277 3515 442 3563 confeceram
454 3511 514 3563 coll.
525 3511 619 3577 meo,
629 3513 663 3564 17
674 3526 799 3564 concussa
812 3511 864 3563 sint
875 3509 998 3575 Doering
1010 3523 1102 3578 quassa
1115 3509 1168 3562 slot
1181 3509 1273 3571 Unius

227 3578 438 3632 noi..eesserint
454 3580 539 3633 dubit.
558 3580 669 3646 Madvig
684 3580 744 3632 blm.
763 3578 821 3630 bio.
838 3577 890 3630 377
910 3577 1071 3630 ascenderint
1091 3576 1272 3628 Weissenborn

260 3650 278 3699 t.
297 3645 356 3698 bio.
374 3647 401 3698 fl
419 3648 451 3700 lt
473 3647 633 3700 ascenderint
661 3661 740 3715 prope
762 3645 875 3716 (poeni)
897 3661 929 3698 m.
952 3644 1041 3697 Maur.
1059 3645 1171 3697 Mueller·
1193 3643 1271 3697 (lostt

206 3718 274 3766 Ans.
293 3713 361 3766 1880
373 3731 404 3780 p.
420 3715 487 3767 1462
508 3715 650 3769 inusserint
670 3717 741 3768 idem
764 3715 805 3769 ed.
825 3714 976 3767 incesserint
999 3713 1114 3778 Georges
1130 3729 1194 3765 sna.
1208 3709 1271 3780 pest

209 3781 258 3834 135
276 3781 368 3846 (1887)
387 3782 458 3850 7687
472 3785 505 3836 26
522 3784 549 3835 in
565 3791 628 3836 ante
644 3784 714 3838 italia
732 3783 793 3835 add.
812 3786 839 3850 ς,
856 3797 907 3835 om.
926 3781 1010 3850 771131
1031 3796 1089 3833 cum
1107 3781 1147 3833 uls
1164 3782 1188 3832 P
