2734 4250
181 103 242 162 216
584 103 677 157 LIBER
694 103 790 168 xxtttt‚
808 106 841 158 29
1124 132 1145 163 ..
1154 131 1178 162 u.
1188 129 1209 161 a.
1219 121 1264 162 sao

179 277 357 357 praesidium
388 276 499 338 tinibus
527 276 589 338 suis
618 284 737 338 orantes
760 285 923 346 uenerunt;
954 294 1030 354 quae
1060 275 1168 354 legatio
1190 293 1263 354 per-

140 375 142 378 ·
180 371 350 442 opportuna
377 362 440 423 uisa
468 363 503 423 ad
533 361 753 422 multitudinem
782 361 965 422 inconditam
991 379 1026 420 ac
1048 360 1262 422 tumultuosam

143 458 158 508 2
180 447 398 508 exonerandam
420 447 570 525 ducesque
597 447 659 507 eius
687 446 877 524 ablegandos.
922 445 1116 524 Hippocrates
1137 455 1261 524 praetor

180 532 289 594 ducere
311 551 347 593 eo
369 533 536 610 transfugas
551 531 663 609 iussus,
687 532 781 592 secuti
796 531 881 593 multi
896 549 931 591 ex
946 530 1161 591 mercennariis
1176 531 1263 591 auxi-

141 628 156 677 a
179 617 226 678 iiis
241 625 380 696 quattuor
391 616 470 676 milia
481 626 660 677 armatorum
674 617 847 677 effecerunt
874 625 905 676 et
918 614 1104 676 mittentibus
1119 623 1149 675 et
1162 615 1263 676 missis
1280 627 1298 676 t

181 721 214 762 ea
236 702 310 762 laeta
333 701 481 780 expeditio
504 701 574 762 tuit:
599 719 665 761 nant
690 709 720 761 et
740 701 806 773 iliis,
829 701 909 778 quod
933 701 989 760 mm
1012 699 1063 760 diu
1085 700 1261 779 cupiebant,

181 785 311 847 nouandi
334 805 382 847 res
405 786 520 848 occasio
543 785 608 846 data
631 795 690 858 est,
720 785 799 846 ethi
827 786 975 846 sentinam
1004 786 1153 862 quandam
1177 785 1260 846 urbis

181 871 236 931 rati
251 871 420 932 exhaustam
435 870 628 931 laetabantur.
666 880 797 931 ceterum
816 870 994 931 leuauerunt
1013 869 1149 930 modain
1173 887 1259 950 prae-

180 956 275 1017 sentia
297 955 380 1016 uelut
402 973 512 1034 eorpus
533 972 671 1033 aegrum,
701 974 760 1034 quo
782 973 852 1015 mox
877 955 907 1015 in
931 955 1098 1031 grauiorem
1119 954 1258 1015 morbum

142 1051 157 1100 t
180 1040 334 1102 recideret.
361 1039 555 1121 Hippocrates
571 1041 650 1100 enim
669 1041 791 1101 finitima
807 1040 980 1118 prouinciae
996 1039 1146 1100 Romanae
1161 1039 1259 1118 primo
1281 1049 1313 1100 to

180 1125 298 1186 furtiuis
320 1125 546 1186 excursionibus
568 1135 685 1186 uastare
708 1125 821 1204 coepit;
845 1124 963 1196 deinde,
985 1125 1108 1185 eumad
1131 1125 1260 1185 tuendos

180 1211 328 1272 sociorum
351 1229 437 1290 agros
458 1211 579 1271 missum
609 1209 646 1270 ab
669 1210 765 1289 Appio
795 1209 973 1289 praesidium
998 1217 1091 1280 esset,
1119 1209 1260 1270 omnibus

180 1295 273 1374 copiis
295 1297 438 1374 impeturn
469 1295 499 1356 in
522 1295 689 1374 oppositam
710 1296 867 1355 stationem
896 1312 965 1354 cum
986 1295 1075 1355 caede
1098 1293 1259 1354 multorum

143 1381 257 1441 eiecit
302 1398 377 1459 quae
406 1398 473 1440 curn
503 1389 603 1440 essent
631 1381 766 1440 nuntiata
787 1378 945 1452 Marcello,
972 1380 1084 1459 legatos
1109 1379 1258 1458 extempio

181 1465 339 1544 Syracusas
360 1465 448 1538 misit,
471 1465 522 1543 qui
544 1463 625 1544 pacis
641 1463 728 1525 iidem
751 1475 867 1543 ruptam
884 1483 950 1525 esse
967 1464 1102 1525 dicerent
1118 1481 1175 1524 nec
1189 1462 1259 1524 belii
1281 1472 1316 1524 tt

179 1550 346 1610 defuturam
376 1567 515 1627 umquam
537 1567 672 1621 causant,
702 1549 759 1611 nisi
782 1550 977 1629 Hippocrates
1003 1557 1092 1626 atque
1113 1547 1259 1628 Epicydes

182 1654 242 1695 non
271 1634 308 1694 ab
331 1634 484 1714 Syracusis
512 1635 600 1694 modo
630 1646 675 1695 set
705 1643 766 1695 tota
788 1634 893 1713 procul
915 1633 1013 1695 Sicilia
1039 1632 1257 1710 ablegarentur.

143 1730 158 1779 e
180 1718 342 1799 Epicydes,
367 1738 405 1780 ne
428 1729 478 1780 aut
499 1737 568 1780 reus
590 1718 724 1780 criminis
744 1719 875 1780 absentis
897 1719 996 1779 fratris
1016 1737 1159 1797 praesens
1180 1727 1259 1778 esset

180 1812 231 1864 aut
252 1805 367 1864 deesset
387 1823 442 1883 pro
465 1814 623 1883 partesue
646 1804 823 1865 concitando
845 1803 941 1876 bello,
968 1804 1121 1883 proiectus
1143 1803 1257 1881 etipse

180 1889 211 1948 in
228 1887 401 1960 Leontinos,
424 1889 491 1966 quia
514 1888 583 1950 satis
605 1908 657 1951 eos
673 1890 815 1950 aduersus
837 1889 980 1967 poputum
996 1888 1163 1948 Romanum
1185 1905 1260 1948 con·
1281 1898 1317 1949 au

144 1983 158 2031 t
180 1972 284 2034 citatos
306 1973 463 2048 cernebat,
493 1982 629 2034 auertere
658 1975 745 2034 etiam
773 1973 810 2034 ab
833 1974 1025 2052 Syracusanis
1046 1973 1159 2051 coepit:
1189 1989 1257 2033 nam

180 2057 219 2118 ita
243 2076 294 2118 eos
315 2076 418 2138 pacem
441 2059 590 2138 pepigisse
611 2077 678 2120 cum
702 2058 858 2131 Romanis,
882 2067 930 2131 ut,
953 2059 1133 2138 quicumque
1154 2057 1258 2137 popuii

180 2143 236 2205 sub
259 2145 379 2223 regibus
400 2144 536 2219 inissent,
559 2154 589 2205 et
603 2163 673 2206 suae
691 2144 817 2205 dicionis
839 2154 950 2216 essent,
973 2162 1030 2205 nec
1051 2144 1109 2203 iam
1123 2143 1258 2203 libertate

143 2236 159 2287 8
180 2247 231 2289 eos
253 2238 412 2290 contentos
435 2248 508 2303 esse,
532 2230 589 2289 nisi
604 2230 690 2289 etiarn
707 2240 837 2305 regnent
855 2248 891 2289 ac
904 2229 1106 2289 dominentur.
1142 2246 1258 2288 renun-

180 2314 313 2375 tiandum
337 2314 427 2394 igitur
450 2316 492 2375 eis
514 2332 588 2388 esse,
612 2314 777 2375 Leontinos
798 2331 918 2393 quoque
939 2331 1065 2391 aequom
1086 2330 1259 2373 censerese
1279 2323 1314 2373 ὅ

178 2398 290 2461 liberos
312 2418 392 2471 esse,
420 2398 471 2459 uel
499 2399 577 2478 quod
601 2400 632 2459 in
655 2399 719 2460 solo
745 2398 828 2459 urbis
856 2417 926 2459 suae
949 2407 1094 2478 tyrannus
1114 2397 1258 2458 ceciderit

181 2484 230 2544 uei
257 2484 336 2562 quod
367 2484 406 2545 ibi
436 2484 564 2564 primunr
593 2484 809 2545 conclamatum
831 2483 867 2545 ad
895 2482 1059 2544 libertatem
1087 2482 1257 2561 relictisque

142 2578 157 2626 9
178 2568 266 2646 regiis
288 2569 414 2630 ducibus
436 2568 471 2628 ad
495 2569 697 2648 Syracusanos
717 2587 898 2630 concursum
919 2568 966 2629 sit
1003 2568 1103 2645 itaque
1124 2577 1176 2628 aut
1195 2567 1257 2627 exi·

179 2655 319 2714 mendum
342 2654 371 2713 id
394 2654 430 2713 de
453 2653 572 2714 foedere
594 2672 658 2715 esse
680 2664 731 2714 aut
745 2654 840 2732 legem
864 2670 928 2713 eam
952 2654 1078 2713 foederis
1102 2671 1162 2712 non
1178 2652 1256 2712 acai-

127 2747 158 2797 tu
178 2738 326 2815 piendam.
364 2738 448 2799 facile
464 2737 644 2801 muititudini
665 2757 856 2818 persuasum3
879 2738 1041 2816 legatisque
1056 2738 1258 2817 Syracusano·
1279 2748 1313 2797 au

180 2838 247 2881 rum
269 2832 300 2883 et
313 2824 350 2883 de
364 2823 453 2883 caede
475 2823 611 2885 stationis
625 2824 776 2884 Humanae
792 2822 988 2901 querentibus
1009 2831 1040 2883 et
1054 2821 1255 2901 Hippocraten

267 2956 402 3021 lquaeg
431 2954 1257 3021 [11111111311,ᾳ.Ρ“Ι2α1ςᾱΡ“,ᾰο1Ρ“ΙῧιὴΙο-

180 3019 275 3073 eandm
293 3021 366 3088 ΡΙΙ4
383 3022 467 3073 dicere
485 3021 528 3089 ΡΙΙ
540 3023 612 3075 multi
630 3040 684 3075 rus.
703 3040 738 3073 ω
764 3022 852 3074 multis
869 3023 912 3088 ΡΙ
924 3024 1017 3074 auxilie
1030 3022 1100 3091 Pte
1118 3022 1205 3073 missia
1221 3039 1259 3073 σε

179 3090 265 3141 misiae
282 3090 366 3156 mue
384 3105 413 3142 ea
430 3091 465 3141 1²¹
491 3105 522 3141 ex
535 3090 576 3155 11¹,
594 3091 645 3143 del.
656 3090 787 3142 Hiemuun
799 3090 809 3157 ΙΙ
821 3089 1049 3158 ietaPiexpedio
1061 3091 1102 3155 9¹,
1120 3090 1259 3156 comm

179 3160 196 3211 9
214 3158 332 3224 grauiore
343 3158 385 3225 Ρ1Ι
401 3162 431 3211 10
450 3157 588 3210 reccideret
605 3176 641 3209 aar
658 3157 803 3210 recaederet
815 3160 847 3209 Ρι
866 3160 875 3223 i
894 3161 923 3211 11
944 3167 972 3209 at
989 3158 1098 3210 tuendos
1111 3156 1152 3225 ΡΙ
1168 3159 1199 3210 12
1217 3173 1259 3210 ea-

179 3234 220 3278 set
239 3226 271 3275 1³²
298 3235 410 3279 omesset
422 3225 475 3294 1³¹1!
492 3229 523 3278 14
541 3229 610 3278 esset
627 3227 668 3292 ΡΙΙ
684 3229 715 3279 16
732 3242 852 3293 nmquam
870 3243 906 3277 ec
923 3241 1043 3293 nmquam
1060 3226 1093 3277 de
1112 3226 1142 3277 ΡΙ
1160 3230 1188 3275 et
1203 3225 1260 3291 ΡΙ

181 3296 213 3347 18
231 3298 326 3359 τευες
352 3310 392 3346 ree
410 3294 458 3361 ΡΙΙ
475 3297 505 3346 21
526 3299 679 3359 auertereg
704 3301 804 3346 uertere
821 3311 875 3346 ras.
893 3311 928 3344 aa
954 3302 1066 3346 uerteret
1083 3292 1132 3359 ΡΙ
1149 3308 1257 3361 syracu-

180 3362 249 3414 sanis
264 3360 371 3413 Grduier
398 3376 534 3430 syracusas
546 3364 569 3413 P
593 3364 724 3429 syracusis
735 3367 755 3427 ς
767 3363 777 3429 Ι
790 3364 822 3415 23
840 3369 868 3413 et
886 3363 909 3412 Ρ
931 3361 1108 3427 cinsentuna,
1124 3362 1175 3413 det
1187 3363 1219 3413 H.
1230 3364 1257 3416 Ι.

179 3430 292 3481 Mueller
311 3430 321 3497 Ι
343 3437 431 3482 essent
448 3430 482 3481 1η
508 3436 611 3481 essente
629 3430 661 3481 1²¹
682 3431 692 3497 i
714 3431 831 3481 libertate
849 3444 896 3481 eos
914 3428 986 3481 lieet
1012 3430 1131 3481 libertate
1148 3432 1168 3493 ς
1193 3428 1259 3481 libe-

179 3504 249 3548 ratos
266 3499 313 3562 Pit
334 3500 366 3550 25
384 3502 465 3564 aequo
484 3498 516 3547 1²¹
543 3503 609 3563 aequ
628 3498 689 3564 1²²1!
707 3513 736 3550 se
755 3498 849 3549 liberos
867 3512 925 3550 esee
943 3497 1135 3553 HLMuelter
1161 3496 1258 3549 liberos

181 3579 209 3615 ee
231 3577 290 3615 esee
307 3565 417 3631 Madvig
453 3564 547 3617 liberes
573 3580 630 3616 esse
648 3568 672 3618 P
690 3568 700 3631 i
721 3568 753 3619 28
772 3567 880 3617 ducibus
902 3565 935 3616 ad
959 3580 1128 3633 syracusanos
1145 3564 1259 3631 Madvig

180 3630 252 3683 ducit
274 3631 307 3682 ab
330 3648 465 3698 syracusas
482 3635 507 3684 Ρ
532 3634 640 3685 ducibus
658 3648 795 3701 syracusas
812 3636 832 3697 ς
851 3633 861 3700 fl
882 3648 1034 3686 concursum
1057 3635 1092 3685 sit
1111 3632 1258 3688 uaesana.

179 3698 214 3751 sit
232 3714 381 3818 cgncurpsum
401 3705 421 3765 ς
447 3716 599 3753 concursum
616 3699 664 3769 Pp
684 3704 717 3754 30
735 3716 886 3769 syrenorum
904 3702 946 3766 9¹,
964 3718 1036 3755 corr.
1053 3701 1088 3754 Ρ
1104 3701 1157 3768 i³¹
1177 3716 1259 3767 quae·

177 3768 244 3818 renti
265 3782 295 3818 us
