2734 4250
75 170 204 212 acuatu
471 153 567 207 blBlili
582 154 658 221 111111,
678 158 718 211 11.
732 158 764 209 13
1018 236 1021 242 1
1106 158 1144 219 75

75 328 157 387 citato
186 327 367 405 agmineex
394 336 558 406 conspectu
586 325 701 401 abibat,
731 328 819 390 modo
849 338 972 409 repente
995 330 1026 390 in
1049 332 1147 410 aliquo

76 413 146 473 beau
168 412 254 485 uiae,
275 411 301 472 si
323 411 460 490 excipere
482 410 654 489 degressum
675 413 707 473 in
731 430 856 492 aequom
878 424 988 494 posset,
1015 416 1149 477 occultus

74 496 259 558 subsistebat.
295 495 405 557 Fabius
432 514 487 574 per
515 495 579 557 loca
605 496 662 557 alta
684 516 790 577 agmen
820 498 947 560 ducebat
972 500 1185 563 mediconno

75 582 152 642 hoste
175 581 346 655 interuallo,
369 590 403 641 ut
424 599 522 659 neque
537 582 688 643 omitteret
701 600 769 643 eum
792 601 890 662 neque
905 584 1147 664 congrederetur.

47 676 58 723 ⁵
74 666 181 738 cestris,
206 666 264 728 nisi
280 673 424 744 quantum
439 684 510 727 usus
524 668 683 728 necessarii
701 676 853 747 cogerent,
876 667 1033 731 tenebatur
1047 670 1147 747 miles;

72 751 213 831 pabulum
243 759 274 811 et
301 750 381 830 ligna
410 769 466 812 nec
494 752 582 830 pauci
610 752 752 831 petebant
779 771 836 813 nec
862 755 986 833 passim;
1017 755 1186 835 equitums

74 837 204 915 leuisque
232 845 400 896 armaturae
427 836 514 896 statio
548 837 704 916 conposita
738 838 941 918 instructaque
973 839 1004 900 in
1034 839 1149 903 subitos

73 922 215 983 tumultus
243 929 274 981 et
301 939 356 982 suo
384 920 468 981 militi
495 929 558 982 tuta
586 922 685 983 omnia
715 932 746 983 et
767 922 873 984 inlecta
896 924 997 985 effusis
1019 925 1146 987 bostium

73 1005 298 1087 populatoribus
311 1003 485 1086 praebebat;
502 1024 599 1085 neque
614 1007 756 1069 uniuerso
771 1008 905 1086 periculo
919 1028 1033 1071 summa
1048 1027 1148 1072 rerum
1172 1020 1200 1071 lu

36 1090 312 1152 beommittebatur
333 1102 363 1151 et
383 1108 475 1171 parua
497 1099 646 1152 momenta
675 1091 787 1153 leuium
809 1094 1004 1153 certaminum
1027 1112 1063 1154 ex
1084 1104 1148 1157 tuto

73 1186 249 1255 coeptorum
263 1175 450 1254 finitimoque
463 1184 588 1256 receptu
603 1176 840 1238 adsuefaciebant
859 1178 995 1239 territum
1016 1178 1149 1258 pristinis

74 1260 204 1321 cladibus
226 1260 351 1321 militem
373 1260 473 1321 minus
499 1261 557 1321 iam
578 1261 699 1322 tandem
728 1271 779 1321 aut
800 1262 919 1323 uirtutis
941 1272 992 1324 aut
1013 1264 1150 1325 fortunae

75 1346 224 1425 paenitere
246 1362 327 1406 suae.
363 1344 492 1407 sednon
509 1346 707 1407 Hannibalem
727 1345 819 1425 magis
834 1346 976 1408 infestum
997 1356 1056 1408 tam
1073 1349 1151 1409 sanis
1173 1358 1201 1409 11

76 1430 204 1492 consiliis
230 1428 359 1491 babebat
386 1448 475 1509 quam
503 1432 674 1510 magistrum
706 1431 856 1510 equitum,
885 1432 935 1511 qui
966 1432 1040 1494 nibil
1061 1432 1149 1505 aliud,

33 1524 57 1573 tt
74 1533 157 1593 quam
179 1514 261 1593 quod
282 1516 380 1595 impar
393 1526 457 1575 erat
477 1515 611 1595 imperio,
633 1534 735 1577 morae
754 1516 869 1577 adrem
891 1515 1039 1596 publicam
1062 1535 1149 1596 prae-

77 1600 251 1680 cipitandam
273 1598 411 1661 babebat.
453 1600 537 1661 ferox
558 1600 739 1680 rapidusque
765 1600 896 1662 consiliis
925 1620 958 1663 ao
980 1602 1080 1682 lingua
1103 1602 1150 1664 iu·

76 1685 206 1746 modicus
232 1684 331 1764 primo
359 1684 438 1745 inter
466 1702 592 1763 paucos,
622 1686 691 1747 dein
720 1685 871 1766 propalam
903 1686 933 1747 in
960 1687 1068 1765 uulgus
1096 1706 1151 1767 pro
1174 1698 1202 1748 tr

77 1778 247 1831 cunctatore
267 1787 406 1849 segnem,
428 1788 485 1849 pro
506 1780 594 1831 cauto
614 1770 764 1844 timidum,
793 1771 946 1848 adfingens
969 1772 1066 1832 uicina
1089 1772 1149 1832 uir-

77 1855 185 1916 tutibus
206 1854 288 1927 uitia‚
311 1854 498 1934 conpellabat
518 1855 744 1935 premendoque
767 1856 961 1935 superiorem,
984 1875 1060 1935 quae
1081 1876 1150 1937 pes-

35 1948 59 1997 at
77 1939 145 2000 sima
172 1958 221 2000 ars
247 1938 338 2001 nimis
366 1940 518 2018 prosperis
546 1939 708 2000 multorum
736 1940 922 2003 successibus
950 1942 1056 2017 creuit,
1085 1960 1149 2004 sese

77 2023 239 2085 extollebat

156 2107 308 2171 llannibal
328 2127 365 2169 er
380 2108 513 2188 Hirpinis
534 2109 565 2171 in
588 2109 741 2172 Samnium
763 2110 879 2184 transit,
901 2109 1147 2173 liencuentanum
1165 2117 1200 2174 18

78 2194 272 2275 depopulatur
297 2211 416 2272 agrum,
445 2194 589 2256 Telesiam
618 2196 725 2256 urbem
757 2196 850 2276 capit,
880 2195 982 2257 inritat
1003 2197 1090 2258 etiam
1112 2198 1148 2258 de

79 2279 215 2342 industria
238 2280 343 2340 ducem
358 2278 536 2351 Romanum,
558 2281 583 2342 si
597 2281 673 2341 forte
689 2298 849 2342 accensum
864 2288 909 2341 tot
922 2279 1149 2361 indignitatibus

37 2371 61 2420 tt
79 2364 262 2444 cladibusque
290 2363 440 2425 sociorum
469 2364 622 2426 detrahere
649 2366 686 2426 ad
714 2384 841 2444 aequum
871 2375 1021 2426 certamen
1045 2366 1148 2445 possit.

78 2448 151 2510 inter
168 2448 388 2511 multitudinem
410 2449 559 2511 sociorum
574 2450 666 2511 italici
689 2451 817 2530 generis,
841 2451 892 2528 qui
912 2450 948 2510 ad
968 2450 1149 2511 Trasumen·
1171 2460 1185 2510 2

80 2551 147 2593 num
160 2535 238 2615 capti
253 2533 291 2595 ab
301 2533 467 2594 llannibale
478 2534 648 2614 dimissique
662 2536 790 2608 inerant,
806 2543 868 2596 tres
879 2533 1020 2616 Campani
1035 2535 1149 2613 equites

80 2628 172 2694 crant,
199 2618 300 2681 multis
327 2619 385 2680 iam
412 2627 475 2681 tum
503 2619 603 2681 inlecti
632 2620 719 2682 donis
740 2620 954 2700 promissisque
976 2617 1149 2680 Hannibalis

81 2703 112 2763 ad
132 2703 333 2766 conciliandos
354 2703 541 2784 popularium
564 2705 689 2766 animos.
727 2706 756 2765 bi
773 2705 954 2780 nuntiantes,
977 2705 1047 2766 siin
1065 2703 1149 2766 Cam·
1171 2716 1185 2764 a

41 2788 188 2866 arpaniam
209 2788 374 2850 exercitum
395 2788 588 2863 admouisset,
616 2790 733 2870 Capuae
755 2789 913 2870 potiendae
935 2789 1050 2868 copiam
1073 2789 1148 2864 lore,

142 2937 317 3005 ldigrcssnm
334 2939 382 3006 Pl
401 2941 416 2991 3
434 2938 579 2991 obsistebat
596 2938 642 3007 Pl
660 2943 677 2993 4
696 2955 754 2992 eum
771 2939 805 2990 P’
822 2939 891 2992 euim
909 2939 941 2990 P¹
954 2940 992 3008 lli
1010 2939 1148 2992 necessarii

84 3011 193 3072 cogerem
212 3007 357 3058 Wer‘craubc
383 3007 512 3058 necessari
530 3015 634 3073 cogeret
652 3008 686 3059 P¹
713 3007 859 3060 necessario
878 3014 983 3074 cogeret
999 3007 1034 3058 Ρ
1060 3023 1149 3060 neces·

84 3075 155 3125 sarius
164 3080 269 3142 cogeret
280 3073 411 3141 lluarptll
428 3079 554 3127 armatura
566 3075 603 3141 Pl
615 3075 716 3128 subitos
729 3081 748 3140 ς
770 3075 870 3128 subitos
888 3081 929 3128 est
941 3076 1004 3144 Ple
1017 3075 1098 3127 milite
1111 3077 1149 3142 Pl

87 3143 111 3192 lt
127 3140 283 3210 finitimoque
300 3149 406 3209 receptu
424 3146 527 3194 conieci
543 3144 601 3194 Em.
618 3143 681 3195 Liar.
699 3144 769 3195 1119
789 3141 836 3205 (cf.
848 3146 931 3194 etium
942 3143 1051 3204 Piusra
1063 3159 1090 3194 u.
1104 3144 1148 3206 19)

87 3205 239 3263 britianorum
250 3215 382 3278 receptum
394 3225 461 3277 qnae
473 3212 498 3261 P
514 3210 624 3262 finitimo
635 3217 741 3278 receptu
754 3217 773 3276 ς
784 3211 892 3277 Lipsius
904 3211 914 3278 ll
927 3211 1041 3278 pristinis
1054 3214 1074 3275 ς
1098 3211 1150 3276 pri·

88 3275 151 3329 ttiuie
166 3279 193 3330 in
209 3278 251 3330 bia
264 3277 305 3347 Pl
320 3281 352 3330 15
369 3279 452 3344 impar
464 3282 520 3331 erat
531 3280 588 3333 lue.
602 3279 684 3331 (ia-ore
711 3279 854 3347 imperabat
865 3281 889 3330 P
920 3292 992 3330 more
1003 3277 1045 3344 Pl
1061 3280 1092 3330 16
1104 3277 1149 3328 ba·

89 3341 165 3410 lebat,
182 3346 255 3400 lerox
267 3383 275 3398 .
288 3386 294 3398 .
307 3385 315 3398 .
327 3345 487 3399 immodicus
522 3347 606 3414 primo
624 3347 769 3414 dc'atiugua't
786 3346 827 3414 ςΙΙ
839 3348 893 3412 rapi
913 3361 994 3413 usque
1012 3345 1067 3410 (uel
1083 3346 1147 3411 rapi-

90 3409 173 3479 dosque
183 3415 251 3480 iulg
276 3412 459 3481 rapidusquem
470 3414 512 3482 Pl
528 3417 560 3469 to
577 3430 623 3482 pro
642 3421 717 3468 canto
735 3415 781 3466 uel
796 3424 823 3467 et
836 3429 882 3480 pro
895 3419 1002 3478 cantog
1029 3418 1055 3465 et
1072 3420 1149 3466 cauto

91 3479 125 3545 Pl
135 3483 163 3533 ta
179 3481 361 3550 conpellebant
377 3481 425 3549 Pl
441 3481 632 3550 premendoque
656 3485 813 3550 superiorem
831 3497 898 3550 quae
919 3481 999 3534 Gran.
1017 3496 1151 3548 praemen-

92 3543 166 3601 lomrn
182 3551 393 3618 superiorumque
410 3549 453 3616 Pl
465 3553 499 3603 24
516 3549 667 3603 industriam
684 3550 726 3620 Pl
745 3550 834 3603 ducem
855 3564 989 3602 romanum
1005 3555 1152 3616 praeorante

93 3611 233 3680 Woclsltiao
253 3619 301 3669 uel
321 3617 411 3670 ducem
433 3632 596 3670 romanorum
620 3619 706 3686 Pauly
731 3621 798 3671 Oert.
824 3618 918 3684 Gymn.
936 3617 970 3670 27
989 3617 1081 3682 (1876)
1100 3617 1150 3669 261

93 3677 203 3736 lteemP
225 3686 378 3739 dictatorem
397 3689 466 3738 cont
487 3685 695 3752 Woelfflinlib
714 3686 882 3753 cladibusque
899 3686 945 3736 uel
960 3691 986 3737 et
1005 3683 1152 3748 cladibusg

94 3748 192 3805 mutin
202 3757 228 3805 P
249 3769 280 3806 ac
292 3753 409 3807 cladibus
422 3754 566 3807 Waiuenb.
602 3769 693 3821 aequm
708 3754 750 3820 Pll
763 3756 796 3806 tu
810 3754 1000 3806 thrasumennm
1014 3751 1057 3819 Pll
1069 3754 1101 3803 ts
1113 3752 1153 3801 in-

96 3813 157 3872 ltttis
172 3822 213 3887 Pl
225 3824 258 3875 19
275 3822 429 3890 popularum
446 3822 480 3875 P¹
508 3837 579 3890 popu
590 3837 662 3874 orum
679 3821 714 3872 12
