2734 4250
168 126 230 189 268
589 130 682 185 LlBER
700 130 778 196 m,
796 133 830 185 24
1097 154 1118 189 s.
1132 154 1154 188 n,
1167 154 1188 186 e
1200 144 1241 186 att

116 306 154 365 at
254 306 312 367 Per
337 322 389 372 ens
417 304 479 366 dies
506 302 559 365 Cn.
589 304 733 365 Seruilms
760 304 881 376 consul,
909 302 988 364 haud
1016 302 1140 374 dubius,
1168 304 1240 381 quin

169 400 290 471 pacatae
306 389 404 452 ltaliae
426 406 519 469 penes
533 406 565 450 se
581 389 673 467 gloria
689 398 776 461 esset,
798 389 882 450 uelut
895 388 1014 468 pulsum
1030 388 1066 449 ab
1081 407 1114 450 sa
1129 386 1243 449 llrnni·

170 476 265 537 belem
280 492 464 555 persequens
478 473 509 534 in
526 474 663 545 Siciliam,
687 474 757 535 inde
775 474 806 535 iu
822 474 949 535 Africam
972 473 1161 545 transiturus,
1182 482 1244 533 tra·

131 570 146 621 2
168 561 245 622 iecit.
282 560 360 640 quod
376 558 428 620 ubi
444 559 555 620 Romae
578 559 729 638 uulgatum
746 568 799 632 est,
820 559 918 638 primo
933 568 1116 620 censuerant
1135 568 1246 638 palm·

168 655 202 707 nt
217 653 336 726 praetor
349 644 492 706 scriberet
507 643 620 706 consuli
635 653 771 707 senatum
793 662 919 723 aequum
941 662 1064 705 censere
1090 645 1121 705 in
1134 643 1247 705 ltaliam
1266 651 1283 702 5

132 732 278 792 arcuerti
300 747 386 805 enm;
416 729 483 791 dein
506 747 574 791 cum
596 738 716 808 praetor
743 737 914 809 spreturum
941 746 1009 790 eum
1037 728 1150 791 litteras
1176 746 1247 790 suas

169 815 294 889 diceret,
324 814 449 877 dictator
478 815 512 875 ad
536 814 565 875 id
595 816 692 894 ipsum
720 823 837 876 creatus
859 814 890 875 P.
920 813 1069 894 Sulpicius
1097 833 1153 895 pro
1182 815 1248 875 iure

131 901 288 963 tmaioris
310 900 414 980 imperi
442 900 596 961 consulem
626 899 657 961 in
680 899 790 961 ltaliam
820 900 979 961 reuocauit.
1023 898 1146 961 relicum
1175 898 1248 961 anni

170 1003 238 1048 cnm
253 986 293 1047 ll.
308 985 436 1046 Seruilio
455 984 593 1063 magistro
609 984 743 1064 equitum
758 984 978 1046 circumeundis
992 983 1092 1045 ltaliae
1112 983 1249 1055 urbibus,

171 1090 246 1151 quae
267 1070 346 1132 hello
370 1069 512 1132 alienatae
533 1070 666 1142 luerunt,
698 1069 916 1149 noscendisque
937 1069 1122 1148 singularum
1150 1069 1250 1131 earnm
1268 1074 1296 1125 tt

171 1174 296 1219 consum
319 1156 367 1217 sit.

133 1251 148 1301 t
258 1175 317 1304 Pelr)
336 1240 519 1302 indutiarum
532 1247 651 1318 tempus
666 1234 720 1323 [et]
736 1256 773 1300 ax
788 1238 922 1300 Sardinia
938 1256 955 1299 a
970 1239 1003 1299 P.
1019 1238 1147 1300 Lentulo
1161 1257 1249 1319 prae·

172 1337 236 1389 tore
257 1336 377 1389 centum
394 1324 547 1386 onerariae
564 1341 654 1386 naues
668 1341 736 1385 cunr
752 1334 917 1386 commeatu
932 1324 1038 1403 uiginti
1053 1332 1250 1386 rostratarum

173 1411 319 1493 praesidio
342 1420 372 1473 et
392 1408 429 1471 ab
453 1410 537 1471 hoste
559 1418 587 1470 et
609 1408 646 1471 ab
667 1409 892 1488 tempestatibus
906 1410 979 1470 mari
994 1418 1059 1471 tuto
1074 1410 1105 1470 in
1120 1410 1251 1471 Alricam

134 1494 411 1559 ttransmiserunt.
455 1494 509 1556 Cn.
527 1494 652 1555 Octauio
674 1494 811 1556 ducentis
833 1494 987 1566 onerariis,
1009 1494 1131 1574 triginta
1151 1495 1251 1575 longis
1272 1498 1298 1549 n

135 1594 149 1641 t
173 1582 299 1645 nauibus
321 1599 356 1641 ex
372 1579 470 1641 Sicilia
491 1580 636 1641 traicienti
660 1597 721 1640 uon
745 1579 847 1640 eadem
869 1580 989 1642 lortnua
1011 1580 1076 1641 luit.
1119 1580 1152 1640 iu
1174 1598 1249 1641 cnu-

174 1676 309 1747 spectum
332 1666 425 1726 ferme
439 1664 554 1725 Alricae
577 1682 720 1744 prospero
743 1682 833 1725 cursu
855 1674 990 1726 enectum
1009 1666 1106 1743 primo
1119 1663 1253 1727 destituit

173 1760 292 1823 uentus,
315 1749 382 1810 dein
405 1766 510 1811 uorsus
531 1750 562 1810 in
582 1749 714 1811 Alricum
736 1748 868 1811 turbauit
889 1768 925 1810 ac
946 1750 1054 1829 passim
1077 1767 1170 1811 naues
1193 1750 1253 1811 dis·

136 1836 251 1901 eiecit.
294 1835 358 1914 ipse
380 1851 448 1895 cum
470 1834 605 1895 rostratis
628 1852 683 1915 per
712 1836 854 1896 aduersos
881 1834 989 1896 lluctus
1018 1834 1134 1914 ingenti
1161 1836 1254 1897 mmi-

136 1934 243 2000 9gum
267 1918 368 1980 labore
391 1918 492 1981 enisus
513 1919 658 1998 Apollinis
686 1920 928 1999 promunturium
956 1920 1068 1993 tenuit;
1097 1921 1254 1981 onerariae
1273 1924 1300 1975 a)

174 2024 243 2087 pars
264 2005 389 2067 maxima
406 2004 442 2064 ad
457 2002 648 2084 Aegimurum
673 2038 712 2051 -
734 2005 830 2066 insula
845 2023 879 2065 ea
894 2005 992 2066 sinum
1007 2004 1045 2065 ab
1059 2004 1118 2066 altu
1133 2004 1255 2076 claudit,

175 2092 205 2154 in
228 2109 288 2171 qno
307 2090 362 2154 sita
378 2088 522 2169 Carthago
542 2100 596 2162 est,
617 2090 738 2169 triginta
754 2091 846 2152 lerme
861 2089 941 2152 milia
955 2088 993 2150 ab
1009 2089 1083 2152 urbe
1104 2123 1156 2165 -,
1178 2090 1253 2152 aliae

125 2190 153 2240 tc
174 2177 317 2239 aduersus
339 2175 444 2237 urbem
465 2176 558 2255 ipsam
581 2176 617 2237 ad
641 2175 753 2238 Calidas
774 2182 873 2255 Aquas
894 2175 1006 2236 delatae
1027 2184 1108 2237 sunt.
1150 2176 1254 2238 omnia

175 2264 206 2324 in
231 2270 393 2341 conspectu
410 2259 594 2340 Carthaginis
616 2272 711 2321 erant
754 2261 852 2339 itaque
874 2279 910 2322 ex
932 2270 994 2322 tnta
1014 2261 1090 2322 urbe
1104 2260 1136 2321 in
1152 2260 1254 2323 lorum

176 2365 355 2410 concursum
379 2355 438 2420 est;
461 2347 648 2424 magistratus
663 2355 798 2408 senatum
813 2363 938 2418 uocare;
960 2346 1090 2426 populus
1103 2346 1136 2408 in
1151 2345 1254 2408 curiae
1274 2349 1301 2402 ὅ

177 2432 324 2496 uestibulo
347 2433 488 2503 tremere,
512 2447 551 2491 ne
573 2438 653 2491 tanta
675 2448 712 2491 ex
734 2431 828 2493 oculis
848 2430 1045 2511 manibusque
1066 2431 1256 2492 amitteretur

126 2529 153 2580 11
176 2518 294 2598 praeda.
332 2511 398 2578 cum
423 2515 540 2594 quidam
557 2516 637 2595 pacis
660 2516 779 2595 petitae,
801 2515 850 2577 alii
864 2515 1045 2578 indutiarum
1060 2549 1102 2562 -
1123 2517 1255 2578 necdum

177 2603 257 2664 euim
272 2603 335 2665 dies
349 2600 460 2664 exierat
478 2633 521 2646 -
536 2601 623 2662 fldem
639 2611 838 2682 opponerent,
860 2599 1007 2681 permixto
1021 2617 1117 2681 paene
1131 2611 1255 2663 senatus

176 2689 341 2768 populique
369 2685 495 2747 concilio
525 2703 704 2748 consensum
734 2696 795 2759 est,
826 2695 860 2746 nt
887 2686 1010 2748 classem
1037 2687 1254 2765 quinquaginta

179 2773 300 2834 nauium
316 2770 481 2834 llasdrubal
495 2773 687 2850 Aegimurum
710 2770 856 2844 traiceret,
878 2771 948 2833 inde
965 2788 1020 2849 per
1033 2769 1120 2832 litora
1134 2780 1254 2851 portus-
1274 2775 1304 2825 a)

130 2865 159 2916 12
181 2874 240 2936 que
263 2857 409 2936 dispersas
431 2855 579 2918 Romanas
602 2873 694 2918 nanas
715 2856 877 2935 colligeret
920 2857 1053 2917 desertae
1082 2856 1152 2936 luga
1179 2874 1255 2917 nau-

180 2953 276 3002 tarum
298 2942 427 3022 primum
449 2940 487 3001 ab
509 2941 679 3020 Aegimuro,
705 2941 812 3002 deinde
834 2939 870 3001 ab
894 2941 986 3020 Aquis
1007 2941 1161 3003 onerariae
1183 2939 1255 3002 Car·

180 3027 329 3106 thagiucm
352 3024 503 3106 puppibus
524 3034 634 3087 tractae
655 3035 736 3088 sunt

247 3196 263 3246 2
281 3198 371 3260 pacate
390 3192 429 3245 θ
446 3193 565 3262 pacealac
585 3193 616 3244 P¹
636 3207 700 3259 paee
717 3188 752 3243 Ρ
768 3193 839 3258 pacis
856 3191 890 3243 Ρ*
902 3193 912 3256 Ι
923 3191 1004 3259 gloria
1022 3196 1092 3245 esset
1107 3190 1181 3243 ΡΨ
1201 3191 1257 3258 glo

179 3263 272 3316 rirsset
288 3262 319 3313 1³¹
332 3260 342 3328 l
355 3261 388 3314 ab
405 3276 434 3314 se
452 3277 503 3315 om.
522 3261 558 3312 Σ*
570 3262 580 3328 ΙΙ
593 3263 608 3313 3
628 3261 653 3312 iu
672 3260 777 3312 alricum
789 3260 828 3311 2⁴
845 3265 872 3312 et
888 3259 969 3312 sirici
980 3260 1004 3310 P
1018 3265 1045 3312 et
1061 3261 1088 3312 iu
1099 3259 1205 3312 siricam
1216 3263 1238 3324 ς
1248 3259 1260 3324 Ι

179 3331 356 3384 transitumrus
374 3331 414 3392 ΡΙ,
439 3345 509 3382 corr.
527 3329 561 3381 P²
583 3334 610 3380 et
626 3328 684 3395 pap
704 3331 720 3382 d
742 3328 801 3381 dein
819 3329 843 3378 Ρ
860 3328 952 3380 deinde
975 3327 1012 3378 Σ
1027 3328 1038 3394 l
1056 3333 1200 3394 spretumm
1217 3325 1259 3378 Ρ

311 3396 359 3465 ¹⁰⁰
379 3397 600 3532 clarita
613 3395 788 3517 relat
801 3396 923 3533 fat.
937 3395 1061 3517 2111
1071 3395 1257 3515 cmc

180 3467 471 3602 iiaciefflfltetpdflffl?
479 3534 529 3585 del.
547 3532 604 3600 Ρη
619 3536 648 3585 15
661 3547 712 3584 xxx
724 3532 747 3582 Ρ
760 3479 843 3584 12812*
855 3531 867 3600 Ι
877 3533 944 3598 logis
956 3532 996 3595 1²¹,
1014 3530 1130 3584 some·
1143 3531 1200 3599 116
1215 3547 1257 3581 er·

180 3617 269 3653 rorem
286 3605 316 3652 ia
333 3617 399 3655 uoce
410 3603 491 3654 sicilia
510 3617 564 3652 eus
574 3604 730 3666 suspicatur·
740 3601 854 3664 duker!
868 3605 1007 3668 conspectu
1019 3599 1077 3667 ΣῚ
1093 3602 1125 3652 ll
1137 3603 1256 3652 enectum

180 3669 219 3719 Σ*
235 3676 338 3721 uectum
356 3669 399 3737 Pl
413 3671 443 3724 1⁸
461 3669 520 3722 delu
538 3668 577 3720 Σ8
594 3668 696 3721 dieinde
712 3668 754 3733 ΡΙ
766 3668 871 3721 alricum
889 3669 926 3719 Σ·
938 3671 949 3732 Ι
961 3671 993 3721 tt
1010 3666 1108 3719 tructus
1126 3668 1168 3733 ΡΙ,
1185 3683 1256 3719 corr.

180 3736 214 3788 Ρ
230 3740 240 3801 u
259 3739 291 3788 21
313 3736 421 3789 insulam
439 3737 478 3788 Σ
494 3737 505 3804 ΙΙ
522 3739 555 3790 22
573 3737 652 3789 millia
671 3739 717 3804 ΡΙ
736 3739 768 3789 25
787 3750 925 3790 macomus
943 3737 966 3787 Ρ
980 3735 990 3803 fl
1009 3737 1042 3788 29
1066 3749 1196 3788 conseusn
1212 3733 1257 3800 ΡΙ

182 3802 265 3855 classe
288 3801 325 3851 Σ*
338 3801 348 3870 fl
359 3805 390 3855 31
411 3806 542 3858 neniarum
560 3806 593 3855 Ρι
609 3805 729 3857 nauiaum
747 3804 782 3857 Ρ·
