2734 4250
88 149 195 195 acham
461 136 554 190 LIBER
572 137 636 203 ΧΧΙ,
655 140 758 191 44-46
1099 138 1140 196 43

84 307 181 386 proelio
202 308 300 388 potius
329 327 417 388 quam
440 309 471 369 in
494 309 563 389 luga
592 317 717 371 mortem
744 318 895 390 oppetere.
938 310 963 371 si
984 311 1042 371 boc
1064 311 1179 372 benett

82 393 157 453 fixum
172 394 310 455 omuibus
325 394 564 473 destinatumque
579 393 678 456 animo
694 404 747 469 est,
770 396 876 455 iterum
893 395 996 470 dicam,
1013 397 1140 458 uicistis:

83 477 180 538 nullum
203 487 378 558 contemptu
400 479 504 540 mortis
525 479 616 540 telum
638 480 675 541 ad
697 479 879 541 uincendum
902 480 1015 542 homini
1038 481 1074 541 ab
1097 480 1141 542 dis

80 562 281 625 immortalibus
303 563 401 625 acrius
422 563 523 625 datum
546 560 607 626 est.³

51 655 60 702 t
148 647 199 709 llis
228 648 486 711 adhortationibus
515 666 581 710 cum
611 648 762 727 utrimque
788 649 824 710 ad
849 659 1000 712 certamen
1023 650 1141 712 accensi
1154 655 1191 712 to

78 731 188 793 militum
210 734 303 794 animi
326 742 433 806 essent,
456 733 582 794 Romani
605 743 696 813 ponte
712 733 849 795 Ticinum
867 735 997 815 iungunt
1011 735 1140 796 tutandi-

78 834 125 893 que
146 817 246 896 pontis
261 837 350 879 causa
365 818 516 880 castellum
540 818 664 898 iusuper
678 818 844 898 inponunt;
867 820 986 881 Poenus
1007 819 1142 881 hostibus
1163 830 1179 880 2

75 919 154 978 opere
181 903 335 983 occupatis
357 902 554 964 Maharbalem
582 921 650 964 cum
680 903 724 963 ala
753 903 961 978 Numidarum,
990 904 1140 983 equitibus

74 986 249 1065 quingentis,
280 989 316 1049 ad
343 988 567 1068 depopulandos
596 987 746 1049 sociorum
776 989 879 1068 populi
901 989 1026 1050 Romani
1053 1008 1140 1069 agros

35 1077 56 1128 to
72 1072 164 1153 mittit;
193 1072 285 1134 Galbs
308 1073 389 1151 parci
411 1091 500 1152 quam
522 1073 646 1134 maximo
669 1071 753 1135 iubet
774 1074 1004 1153 principumque
1026 1075 1141 1136 animos
1162 1085 1177 1135 a

71 1156 100 1215 ad
120 1157 316 1218 delectionem
339 1158 499 1220 sollicitari.
537 1167 629 1238 ponte
651 1159 784 1236 perlecto
813 1160 967 1220 traductus
989 1159 1141 1220 Romanus

71 1242 207 1302 exercitus
227 1242 261 1303 iu
285 1260 390 1322 agrum
412 1241 583 1305 Insubrium
606 1243 739 1322 quiuque
760 1242 838 1304 milia
861 1261 979 1323 passum
1003 1262 1019 1303 a
1039 1243 1139 1305 Victu-

71 1325 148 1387 mulis
168 1328 316 1389 consedit.
353 1327 393 1388 ibi
408 1327 556 1389 Hannibal
571 1337 666 1388 castra
688 1327 832 1403 babebat;
854 1337 1053 1406 reuocatoque
1069 1347 1140 1408 pro·
1161 1339 1177 1389 4

71 1429 133 1489 pere
148 1411 316 1474 llabarbale
333 1421 422 1492 atque
437 1411 595 1491 equitibus,
615 1430 684 1472 cum
700 1413 811 1474 instare
826 1421 975 1474 certamen
993 1422 1139 1486 cerneret,

30 1501 51 1550 u
70 1495 135 1556 nibil
159 1515 303 1576 umquam
330 1499 400 1559 satis
428 1498 538 1558 dictum
566 1498 846 1577 praemonitumque
876 1498 911 1558 ad
940 1498 1141 1560 cohortandos

70 1581 167 1642 milites
188 1592 282 1656 ratus,
309 1583 422 1644 uocatis
445 1582 480 1643 ad
503 1581 677 1644 contionem
700 1591 780 1644 certa
802 1583 933 1662 praemia
955 1584 1140 1662 pronuntiat,

70 1664 233 1744 inquorum
257 1685 342 1747 spem
357 1676 541 1747 pugnarent:
563 1685 667 1747 agrum
688 1685 755 1728 sese
775 1668 912 1729 daturum
930 1687 995 1730 esse
1009 1669 1040 1728 in
1056 1667 1137 1729 ltalia
1162 1679 1177 1729 5

70 1750 157 1811 Airita
169 1751 322 1831 Hispania,
339 1752 390 1814 ubi
406 1754 532 1831 quisque
548 1751 627 1827 uelit,
643 1752 807 1813 immunem
822 1751 888 1833 ipsi,
905 1753 956 1832 qui
967 1753 1138 1832 accepisset,

70 1833 237 1916 liberisque3
261 1837 313 1916 qui
335 1838 492 1917 pecuniam
508 1855 596 1917 quam
618 1854 723 1916 agrum
737 1836 897 1912 maluisset,
920 1839 947 1899 ei
966 1857 998 1900 se
1014 1846 1137 1918 argento

32 1920 294 1998 usatislacturum3
317 1923 368 2001 qui
384 1923 533 1985 sociorum
553 1921 633 1983 ciues
649 1922 907 2002 Carthaginienses
929 1923 993 1984 lteri
1014 1924 1137 1998 uellent,
1161 1933 1177 1983 6

70 2014 235 2081 potestatem
259 2007 423 2083 iacturum3
452 2008 503 2087 qui
525 2007 629 2068 domos
657 2006 755 2068 redire
781 2007 918 2082 mallent,
947 2008 1084 2069 daturum
1106 2027 1139 2069 se

71 2107 189 2171 oporam,
212 2110 253 2153 ue
276 2091 361 2155 cuius
377 2111 498 2155 suorum
514 2091 704 2172 popularium
717 2101 857 2155 mutatam
872 2110 973 2155 secum
988 2093 1139 2156 fortunam

71 2192 125 2236 esse
147 2177 269 2238 uellent
307 2178 402 2240 seruis
417 2196 537 2258 quoque
552 2176 691 2239 dominos
709 2179 876 2257 prosecutis
890 2178 1056 2239 libertatem
1070 2198 1140 2260 pro·
1162 2189 1177 2238 't

72 2260 154 2338 pouit,
176 2261 310 2341 binaque
324 2280 380 2342 pro
402 2263 437 2325 iis
460 2262 606 2340 mancipia
625 2261 753 2324 dominis
768 2282 800 2324 se
817 2262 1010 2323 redditurum.
1047 2282 1141 2341 eaque
1162 2271 1177 2323 8

34 2348 54 2397 h
72 2354 98 2405 ut
107 2356 164 2407 rata
179 2347 383 2421 sementiam,
406 2365 515 2425 agnum
530 2347 614 2408 laeua
628 2365 729 2420 mauu,
749 2347 851 2408 dextra
866 2346 978 2408 silicem
996 2348 1139 2421 retinens,

72 2430 92 2489 si
111 2430 230 2507 falleret,
254 2432 357 2494 louem
380 2440 555 2513 ceterosque
576 2439 716 2510 precatus
738 2432 825 2507 deos,
849 2432 888 2492 ita
911 2451 944 2493 so
965 2439 1139 2509 mactarent,

73 2531 148 2591 quam
170 2517 206 2578 ad
221 2518 346 2579 modum
361 2516 423 2597 ipse
439 2536 549 2596 agnum
565 2524 729 2591 mactasset,
751 2517 916 2580 secundum
938 2516 1138 2595 precationem

72 2610 150 2678 caput
169 2602 297 2681 pecudis
318 2620 388 2664 saxo
410 2602 495 2664 elisit
532 2611 596 2663 tum
611 2618 685 2662 uero
708 2620 823 2675 omnes,
845 2602 928 2663 uelut
942 2601 997 2663 diis
1012 2601 1140 2663 auotori-
1161 2610 1177 2661 o

72 2681 120 2746 bus
138 2686 168 2747 iu
190 2705 278 2768 spem
301 2705 383 2749 suam
406 2688 532 2767 quisque
554 2685 693 2766 acceptis,
716 2687 744 2747 id
768 2705 880 2760 morae,
903 2687 982 2765 quod
1005 2687 1139 2748 noudum

36 2772 243 2847 opugnarent,
274 2773 311 2833 ad
332 2772 471 2852 potienda
494 2780 610 2852 sperata
632 2771 704 2843 rati,
735 2772 879 2852 proelium
902 2790 965 2832 uno
989 2772 1088 2833 auimo
1110 2782 1141 2833 et

73 2871 135 2915 uoce
156 2874 215 2918 una
242 2866 382 2937 poscunt.

144 2942 224 3021 Aput
247 2940 399 3004 Romanos
426 2941 644 3021 hautquaquam
674 2951 756 3003 tanta
783 2941 916 3003 alacritas
943 2950 1020 3017 erat,
1050 2958 1140 3021 super
1152 2946 1192 3001 to

77 3056 269 3069 --..-——

73 3121 153 3176 bitabit
170 3126 202 3175 1²¹
232 3124 356 3177 titubabit
373 3126 406 3176 A.
419 3124 449 3176 G.
462 3126 572 3176 Ernesti
589 3124 598 3193 ΙΙ
617 3129 628 3178 1
649 3126 716 3177 beue
734 3124 813 3177 fixum
832 3124 881 3177 dol
899 3125 980 3175 Hertz
999 3124 1009 3190 ΙΙ
1028 3127 1043 3177 2
1062 3123 1141 3176 desti·

73 3195 148 3243 uatum
166 3208 198 3245 ua
219 3192 308 3245 auimo
327 3197 347 3254 ς
364 3196 409 3257 (=
426 3192 468 3257 θ’)
495 3192 648 3245 destinatum
671 3194 698 3245 in
717 3193 803 3245 auimo
820 3193 844 3243 P
867 3192 1023 3244 destinatum
1043 3207 1094 3242 om.
1112 3196 1140 3256 ς,

73 3257 114 3309 del.
160 3262 245 3327 mdvig
273 3260 295 3312 si
320 3260 476 3313 destinatum
497 3262 522 3312 im
546 3261 631 3313 animo
649 3262 815 3326 Hamagam
841 3260 1036 3312 sidcstiuatum
1054 3258 1140 3311 animo

75 3324 201 3390 Woelfflin
223 3328 234 3396 Ι
259 3332 275 3382 3
300 3332 449 3396 contemptu
479 3330 570 3381 mortls
598 3329 677 3382 telum
702 3329 795 3381 Stroth
828 3330 988 3392 (contemptu
1012 3326 1139 3379 attalum

75 3397 505 3531 ld'l‘llllblbfiml‘l
524 3397 613 3517 qq.
631 3396 910 3518 blattttdtt:
921 3394 1141 3515 talitali

75 3465 244 3600 mulissPllll
264 3480 405 3584 rbbbarbali
423 3532 480 3599 adq.
488 3482 523 3583 qq
531 3532 541 3600 ll
551 3479 648 3585 ibba
668 3465 688 3597 ξ·
715 3534 858 3598 inspectare
873 3530 915 3597 ΡΙΙ
928 3532 961 3584 16
978 3530 1141 3597 praenuntiat

75 3595 108 3661 Pl
119 3600 147 3652 ts
164 3600 246 3652 uellet
269 3599 430 3665 Wesenberg
444 3598 455 3679 ΙΙ
475 3602 504 3652 21
525 3600 622 3653 radiare
639 3602 663 3653 P
679 3604 690 3667 tt
707 3604 740 3653 22
762 3603 857 3653 mutata
877 3600 924 3666 ΡΙ
941 3600 974 3653 23
997 3598 1077 3651 uellet
1097 3595 1140 3716 Pq

77 3666 180 3734 quodque
198 3668 307 3721 domiuo
325 3667 367 3735 ΡΙΙ
381 3668 566 3735 2422121126
578 3673 714 3735 praecatus
729 3669 750 3719 Ρ
782 3670 814 3719 tt
828 3671 968 3719 mactasset
979 3666 1060 3718 Froh.
1073 3666 1124 3717 153

78 3740 198 3861 qqatasq'et
217 3739 244 3787 et
258 3736 300 3803 ΡΙ
314 3738 346 3789 30
364 3734 498 3801 poliendas
510 3736 553 3803 ΡΙΙ
564 3734 657 3804 (esse)
675 3736 723 3788 rati
779 3736 904 3799 aenbarg
915 3734 926 3801 ΙΙ
939 3735 971 3785 32
989 3734 1141 3800 hautquam·

118 3816 140 3853 m
