2734 4250
184 133 245 193 188
552 131 646 186 LIBER
662 131 774 198 XXVIII,
790 135 834 186 44.
853 133 884 185 45
1112 154 1133 189 ι.
1148 154 1171 187 n.
1186 153 1207 186 e.
1221 144 1260 186 ut

184 309 266 370 cales
280 306 373 372 nihilo
395 305 540 368 maturius
560 307 628 380 boc,
651 321 712 384 quo
734 321 789 382 ego
812 321 930 378 censeo,
954 301 1041 363 modo
1064 301 1261 382 pelliceretur

183 390 309 465 bellum,
338 400 436 452 tamen
460 390 495 451 ad
518 391 691 470 dignitatem
714 388 817 469 populi
839 388 965 450 Romani
993 387 1160 466 famamque
1188 395 1261 467 aput

184 495 270 558 reges
285 476 441 556 gentisque
457 483 594 537 externas
608 474 786 555 pertinebat,
802 492 863 534 non
881 475 917 534 ad
932 470 1147 534 defendendam
1169 472 1259 532 modo

184 562 296 623 ltaliam
311 561 364 623 sed
386 560 421 620 ad
443 560 597 621 inferenda
620 559 709 620 etiam
725 559 840 620 Africae
863 575 944 619 arma
966 556 1060 618 uideri
1082 556 1172 618 nobis
1194 557 1260 618 ani·

134 657 266 708 tamum
287 664 369 718 esse,
399 663 454 706 nec
476 645 533 706 boc
555 643 636 705 credi
663 643 855 724 uulgarique,
884 641 963 721 quod
993 640 1142 703 Hannibal
1171 647 1295 704 ausus⁵

184 732 230 803 sit,
254 730 401 792 neminem
417 729 524 790 ducem
538 727 705 790 Romanurn
728 728 846 801 audere,
869 737 899 789 et
913 728 1013 807 priore
1035 725 1147 788 Punico
1171 726 1261 799 bello,

183 824 257 886 tum,
279 833 346 876 cunr
362 814 399 874 de
414 814 510 875 Sicilia
533 823 706 888 certaretur,
728 814 839 875 totiens
854 812 981 873 Africam
996 811 1033 872 ab
1049 811 1159 874 nostris
1174 829 1260 873 exer-

185 900 352 979 citibusque
374 906 404 960 et
424 898 568 961 classibus
589 906 801 978 oppugnatam,
824 916 915 970 nunc,
937 914 1005 959 oum
1028 897 1064 957 de
1089 896 1172 957 ltalia
1194 915 1260 958 cer-

134 1000 163 1052 14
185 994 273 1058 tetur,
296 985 424 1045 Africam
440 991 571 1064 pacatam
586 1002 660 1045 esse.
704 983 871 1062 requiescat
892 981 1049 1062 aliquando
1072 991 1178 1042 uexata
1200 991 1260 1042 tam

133 1085 162 1136 15
184 1070 234 1131 diu
255 1070 348 1142 ltalia,
370 1077 473 1130 uratur
488 1077 699 1147 euasteturque
714 1068 744 1129 in
761 1068 856 1128 uicem
873 1066 987 1140 Africa3
1010 1076 1105 1128 castra
1126 1067 1260 1127 Romana
1282 1069 1307 1120 lo
1353 1145 1354 1150 γ

185 1155 285 1235 potius
300 1154 486 1233 Carthaginis
507 1154 603 1233 portis
624 1153 809 1225 immineant,
831 1169 919 1231 quam
943 1169 998 1213 nos
1020 1152 1127 1212 iterum
1149 1151 1260 1212 uallum
1353 1179 1354 1182 ¹

185 1240 314 1301 bostium
329 1257 365 1301 ex
379 1238 537 1300 moenibus
552 1238 662 1300 nostris
684 1237 854 1310 uideamus3
878 1236 976 1298 Africa
999 1235 1036 1298 sit
1057 1235 1165 1315 reliqui
1189 1235 1257 1296 belli

184 1325 279 1399 sedes,
302 1324 373 1385 illuc
386 1333 487 1386 terror
508 1324 645 1403 fugaque,
667 1321 820 1402 populatio
843 1339 992 1401 agrorum,
1015 1321 1141 1382 deiectio
1163 1321 1260 1382 socio·

184 1427 261 1484 rum,
284 1417 399 1470 ceterae
414 1407 483 1470 belli
499 1407 605 1481 clades,
628 1425 704 1486 quae
721 1407 750 1467 in
768 1425 824 1468 nos
838 1425 893 1486 per
907 1404 1144 1485 quattuordecim
1165 1423 1260 1466 annos

134 1508 162 1560 te
184 1494 378 1574 ingruerunt,
407 1502 573 1555 uertentur.
617 1509 693 1571 quae
715 1491 750 1552 ad
781 1509 843 1552 rem
873 1491 1022 1571 publicam
1049 1490 1204 1571 pertinent
1232 1499 1260 1551 et
1279 1491 1304 1543 1⁵

185 1579 310 1653 bellum,
338 1579 417 1657 quod
439 1578 544 1652 instat,
567 1586 597 1639 et
617 1576 805 1657 prouincias,
827 1576 864 1638 de
886 1575 994 1655 quibus
1016 1576 1129 1656 agitur,
1151 1575 1259 1638 dixisse
1353 1651 1354 1654 Ἴ

133 1676 162 1728 tr
184 1665 254 1725 satis
276 1672 339 1736 est3
360 1662 409 1723 illa
423 1662 513 1742 longa
535 1662 630 1723 oratio
652 1681 709 1723 nec
733 1662 768 1722 ad
790 1679 845 1722 uos
867 1661 1023 1740 pertinens
1043 1661 1090 1734 sit,
1113 1659 1147 1734 sl,
1171 1677 1259 1739 quern

185 1748 220 1809 ad
236 1749 356 1808 modum
372 1745 408 1818 0.
424 1746 533 1808 Fabius
554 1765 635 1808 meas
657 1764 705 1808 res
727 1753 824 1826 gestas
838 1744 869 1806 in
891 1744 1033 1825 Hispania
1055 1745 1195 1819 eleuauit,
1218 1745 1259 1807 sic
1353 1785 1354 1798 ,

185 1848 241 1911 ego
257 1839 361 1892 contra
376 1830 500 1911 gloriam
516 1832 580 1893 eius
594 1830 715 1892 eludere
730 1841 760 1892 et
776 1848 871 1892 meam
887 1830 988 1893 uerbis
1003 1829 1143 1891 extollere
1158 1829 1257 1892 uelim.

135 1931 163 1982 18
186 1925 326 1978 neutrum
348 1916 469 1991 faciam,
498 1926 596 1996 patres
618 1915 797 1996 conscripti,
828 1924 871 1988 et,
894 1915 918 1976 si
941 1915 1022 1976 nulla
1045 1915 1172 1987 aliare,
1196 1919 1302 1976 moll

185 2001 278 2062 destia
299 2010 381 2062 certe
402 2010 433 2063 et
454 2000 647 2081 temperando
668 2000 789 2080 linguae
816 1999 988 2062 adulescens
1015 2018 1117 2062 senem
1145 2000 1258 2061 uicere.

185 2087 222 2149 ita
246 2095 276 2149 et
297 2086 357 2149 uixi
380 2094 410 2148 et
430 2088 507 2165 gessi
530 2105 593 2159 res,
623 2095 657 2147 ut
677 2085 783 2148 tacitus
805 2103 839 2147 ea
861 2085 1019 2165 opinione,
1048 2102 1138 2164 quam
1161 2091 1259 2148 uestra

184 2181 292 2254 sponte
314 2181 490 2252 conceptam
512 2171 619 2233 animis
640 2170 798 2245 haberetis,
821 2171 906 2233 facile
929 2180 1089 2233 contentus
1110 2162 1227 2232 essent?

131 2268 169 2326 45
270 2257 369 2320 llinus
391 2258 493 2336 aequis
507 2256 612 2318 animis
627 2255 743 2318 auditus
759 2264 803 2317 est
818 2256 927 2335 Scipio,
954 2257 1004 2335 qui
1020 2256 1172 2335 uulgatum
1189 2262 1260 2329 erat,

184 2343 210 2404 si
232 2351 304 2423 aput
324 2352 461 2404 senatum
485 2360 547 2403 non
571 2341 756 2420 optinuisset,
779 2348 813 2401 ut
833 2341 988 2419 prouincia
1005 2340 1102 2401 Africa
1129 2339 1186 2402 sibi
1209 2340 1259 2401 de·
1277 2344 1302 2394 n

146 2434 161 2484 2
182 2435 364 2498 cerneretur,
387 2428 422 2488 ed
444 2426 588 2507 populum
611 2426 758 2506 extemplo
781 2425 918 2486 laturum.
955 2426 1054 2505 itaque
1077 2424 1112 2497 Ο.
1128 2424 1260 2499 Fuluius,

183 2513 235 2592 qui
257 2511 363 2573 consul
385 2518 541 2591 quateret
563 2528 671 2572 censor
694 2512 802 2583 luerat,
831 2510 993 2589 postulauit
1020 2510 1200 2584 aconsule,
1228 2517 1261 2571 ut

183 2596 280 2676 palam
293 2596 324 2657 in
347 2606 453 2658 senatu
474 2596 595 2669 diceret,
616 2596 842 2675 permitteretne
863 2594 1006 2675 patribus,
1029 2604 1062 2655 ut
1083 2595 1119 2655 de
1134 2594 1260 2675 prouin-

183 2681 237 2742 ciis
257 2682 465 2755 decernerent,
486 2689 677 2759 staturusque
693 2698 728 2740 eo
751 2686 838 2753 essct,
862 2680 940 2759 quod
957 2677 1153 2753 censuissent,
1169 2698 1208 2741 au
1224 2677 1258 2740 ad

144 2773 159 2823 a
181 2766 325 2846 populum
340 2765 461 2827 laturus.
499 2784 567 2827 cum
583 2763 683 2844 Scipio
699 2764 902 2843 respondisset
919 2782 951 2827 se
966 2764 1044 2843 quod
1061 2763 1260 2844 erepublica
1279 2768 1304 2819 tt

144 2858 261 2910 desset
282 2850 439 2924 facturum,
461 2858 524 2912 tum
548 2849 686 2911 Fuluius:
707 2840 786 2910 ‘Non
810 2867 865 2928 ego
888 2849 1019 2929 ignarus,
1041 2848 1111 2927 quid
1134 2868 1259 2929 respon·

182 2950 271 2995 surus
298 2935 468 2996 facturusue
497 2954 591 3008 esses,
620 2932 768 3013 quaesiui,
797 2934 908 3014 quippe
937 2951 1004 2994 cum
1033 2952 1105 3013 prae
1131 2942 1162 2995 te
1184 2936 1261 2995 ieras
1353 2980 1354 3007 ,

250 3118 265 3168 3
284 3118 421 3185 gentisque
439 3116 476 3167 Σ·
494 3123 611 3185 gentesq.
629 3118 676 3182 Pl
695 3118 808 3169 externis
829 3117 849 3166 P
864 3122 965 3168 exteras
983 3114 1039 3167 Ν
1050 3115 1061 3183 Ι
1073 3114 1260 3168 detendendam
1353 3106 1354 3175 Ῑ

181 3202 217 3236 ex
233 3184 422 3237 defendendum
440 3184 472 3237 Ρ1
490 3192 499 3250 ιι
518 3188 534 3238 (t
552 3199 684 3236 romanum
708 3185 746 3236 Σ·
769 3199 929 3236 romanorum
950 3184 996 3251 Pil
1015 3188 1030 3235 ’1
1049 3192 1102 3235 turn
1125 3198 1176 3235 oar.
1196 3183 1261 3251 ”I

181 3258 323 3307 certaretur
339 3254 364 3304 P
382 3253 526 3305 certabatur
544 3251 606 3321 Μ
626 3253 659 3303 ab
683 3270 734 3305 om.
753 3252 790 3304 Σι
808 3252 819 3321 Ι
837 3251 1043 3317 exercitibusque
1061 3252 1084 3302 Ρ
1105 3251 1260 3303 exercitibus

182 3320 270 3387 2118
288 3336 345 3373 curn
364 3320 411 3384 ΣΡ,
430 3336 480 3372 om.
498 3320 541 3387 ΡΙ
553 3326 665 3371 certetur
682 3322 707 3372 P
721 3326 832 3373 certatur
850 3320 886 3369 ΣΙ
898 3320 937 3387 li
956 3326 1072 3386 pacatam
1089 3317 1127 3368 Σ8
1145 3324 1259 3385 paratam

182 3389 223 3456 ΡΙΙ
236 3398 287 3440 tam
302 3406 353 3440 om.
365 3389 424 3456 2¹!
440 3392 470 3442 tt
483 3392 665 3455 euasteturque
678 3388 899 3456 Ppopuleturque
911 3386 965 3451 ΣΙΙΙ
975 3389 1006 3440 11
1024 3386 1159 3453 1101111εὲ
1171 3388 1260 3453 potine

182 3472 258 3524 quam
276 3456 319 3524 Pp
332 3455 523 3526 immiuelneant
535 3456 577 3522 ΡΙ
593 3458 624 3508 tt
641 3456 732 3523 reliqui
746 3458 770 3508 P
784 3455 880 3523 reliqua
899 3454 959 3522 ΣΙ
974 3457 1006 3507 14
1023 3459 1123 3506 ceterae
1136 3455 1159 3504 P
1174 3458 1258 3506 cetera

181 3523 239 3587 2⁷⁴l
253 3538 303 3591 que
316 3523 357 3590 Pl
372 3528 403 3577 15
416 3529 547 3576 uertentur
559 3522 597 3573 2*
612 3524 774 3590 uersdlturP
806 3522 952 3591 pertlnctP
983 3531 1009 3573 et
1022 3522 1116 3573 bellurn
1130 3520 1259 3574 Pbellum

182 3588 284 3654 ΜΠ
303 3592 325 3640 ei
344 3592 512 3658 1111121119
530 3591 656 3657 egoPet
673 3592 772 3657 θεοὶ*
808 3592 840 3643 20
853 3590 922 3641 nulla
992 3589 1042 3641 ulla
1057 3588 1098 3656 ΡΙ
1111 3590 1142 3641 at
1157 3592 1185 3641 et
1197 3596 1260 3642 tem·

182 3655 294 3721 perando
312 3658 336 3705 Ρ
350 3656 542 3723 attemperando
559 3656 618 3724 ΣἿ
631 3660 665 3710 26
683 3674 708 3725 q.
721 3660 767 3723 ΣΡ,
785 3674 836 3710 om.
849 3657 888 3725 Pl
903 3660 935 3709 27
948 3662 974 3709 et
986 3670 1077 3707 censor
1089 3656 1137 3721 2⁸,
1154 3672 1207 3708 orn.
1221 3655 1260 3722 ΡΙ

183 3722 215 3772 28
228 3726 344 3772 senatum
362 3726 404 3789 ΡΙΙ
417 3728 448 3778 30
468 3725 565 3776 laturus
577 3723 648 3776 ΡΨ
666 3737 768 3779 raturus
785 3728 817 3778 P¹
829 3725 839 3793 l
853 3742 867 3779 e
884 3726 908 3776 Ρ
922 3725 953 3776 de
966 3724 1025 3791 ΣἸ
1039 3726 1070 3778 31
1090 3730 1160 3776 esset
1173 3724 1259 3777 Pcre

183 3785 291 3837 didisset
307 3788 347 3836 Σθ
360 3790 370 3854 Ι
381 3792 414 3841 32
431 3792 532 3857 queeiui
549 3791 591 3857 ΡΙ
604 3807 649 3857 pre
666 3794 690 3843 P
