2734 4250
68 136 88 167 ι.
102 124 153 166 car.
167 123 207 166 uo
472 102 568 157 ttunu
584 102 674 170 xxvt,
693 108 726 159 tu
1099 102 1139 162 47

6 319 7 372 q
65 280 137 342 anni
158 280 353 350 circumacta,
376 278 407 340 in
430 277 557 340 Siciliam
580 276 734 341 ueteribus
756 276 904 357 nouisque
926 278 1014 341 sociis
1036 296 1143 360 expec-

66 374 143 428 tatus
164 383 232 427 cnm
249 364 390 437 uenisset,
413 364 541 444 primum
561 381 595 425 ac
608 363 794 444 potissimum
810 363 943 425 omnium
958 373 1039 427 ratus
1054 364 1142 444 Syra·

67 451 145 513 cusis
168 468 246 511 noua
267 468 341 529 pace
362 448 531 511 inconditas
553 466 818 529 componerem,
845 448 1040 529 Agrigentum
1063 448 1143 523 inde,
1165 458 1185 509 a

66 537 144 616 quod
177 534 248 596 belli
281 533 427 615 reliquum
460 542 523 595 erat
557 534 775 613 tenebaturque
809 554 825 596 a
855 534 1142 616 Carthaginiensium

28 635 43 682 5
66 621 164 683 ualido
193 619 356 701 pracsidio,
389 618 473 681 duxit
499 617 643 698 legiones.
686 628 717 679 et
743 619 838 682 adfuit
864 620 983 682 lortuna
1011 620 1179 701 inceptos

66 707 173 768 Hanno
196 714 260 766 erat
280 706 443 785 imperator
465 703 767 783 Carthaginiensium,
794 706 843 767 scd
868 723 987 767 omnem
1010 707 1041 767 in
1065 704 1142 766 llut-

68 793 130 853 tine
151 790 346 869 Numidisque
366 808 450 871 spem
477 790 636 869 repositam
666 787 824 851 habebant
868 808 923 869 per
951 798 1044 853 totam
1067 790 1182 852 Sici-t

6 913 7 920 κ
65 877 132 937 liarn
156 894 251 957 uagus
272 875 396 956 praedas
417 873 579 955 agebatur
601 874 690 936 sociis
703 873 907 937 Romanorum
930 893 1028 955 neque
1051 876 1142 937 inter·

66 960 144 1023 cludi
166 961 204 1023 ab
227 960 389 1041 Agrigento
411 960 441 1021 ui
463 968 514 1021 aut
534 968 599 1021 arte
619 959 677 1021 nlla
701 977 773 1032 nec,
803 960 875 1038 quin
899 971 1069 1041 erumperet
1091 960 1142 1022 uhi

18 1056 42 1107 u
65 1047 170 1120 uellet,
199 1046 350 1126 prohiberi
373 1053 499 1125 poterat.
544 1044 617 1107 baec
638 1045 701 1106 eius
724 1043 817 1123 gloria
840 1044 908 1124 quia
930 1046 989 1107 iarn
1014 1046 1143 1127 impera·
1164 1056 1181 1105 a

66 1133 140 1193 toris
163 1148 282 1211 quoque
304 1131 396 1191 laruae
415 1130 573 1204 officiebat,
594 1139 747 1209 postremo
770 1128 800 1190 in
824 1129 965 1191 inuidiam
989 1133 1087 1204 uertit,
1111 1138 1144 1191 ut

67 1236 106 1279 ne
134 1216 212 1277 benc
237 1224 337 1296 gestae
366 1215 485 1296 quidem
513 1233 563 1277 res
589 1214 646 1276 iam
670 1214 812 1276 Hannoni
840 1224 964 1297 propter
991 1226 1143 1278 auctorem

67 1303 137 1365 satis
159 1302 251 1362 laetae
273 1311 383 1362 essent.
420 1309 571 1380 postremo
594 1300 811 1379 praefecturam
828 1300 892 1362 eius
908 1300 967 1361 tilio
982 1319 1037 1364 suo
1053 1300 1143 1373 dedit,
1166 1308 1189 1359 u·

67 1397 149 1448 ratus
170 1403 239 1447 cum
261 1386 387 1466 imperio
408 1386 613 1447 auctoritatem
629 1402 749 1464 quoque
764 1385 790 1445 ei
807 1386 886 1447 inter
899 1385 1041 1448 Numidas
1056 1404 1142 1466 orep·

18 1480 43 1531 u
67 1484 177 1533 turum.
231 1470 311 1550 quod
343 1471 433 1551 longe
466 1470 552 1531 aliter
584 1469 704 1531 euenit:
748 1487 815 1531 nam
844 1479 976 1533 ueterem
1009 1472 1180 1533 lauoremt

67 1559 132 1620 cius
152 1574 205 1617 sua
225 1556 350 1637 insuper
370 1554 480 1617 inuidia
499 1555 588 1628 auxit,
611 1572 710 1634 neque
732 1554 780 1615 ille
797 1556 1003 1637 indignitatum
1018 1556 1143 1618 iniuriae

67 1641 135 1703 tulit
155 1641 371 1720 confestimque
392 1639 428 1702 ad
447 1639 612 1703 Laeuinum
636 1639 769 1702 occultos
791 1641 914 1703 nuntios
936 1642 1015 1705 misit
1029 1643 1066 1704 de
1081 1652 1141 1703 tra-

68 1727 167 1789 dendo
189 1726 360 1807 Agrigento.
404 1744 459 1806 per
481 1744 557 1805 quos
578 1735 612 1787 ut
633 1734 678 1786 est
699 1724 774 1786 lacta
804 1725 876 1787 tides
901 1726 1143 1807 compositusque
1165 1734 1187 1787 8λ

66 1812 109 1873 rei
132 1811 279 1892 gerendae
301 1811 416 1892 modus,
440 1821 556 1891 portam
578 1809 615 1871 ad
638 1827 719 1871 mare
741 1811 886 1873 terentem
908 1812 1053 1874 Numidae
1074 1830 1143 1875 cum

17 1908 46 1958 tu
68 1908 265 1978 occupassent
291 1896 384 1976 pulsis
412 1895 483 1957 inde
512 1894 684 1957 custodibus
712 1904 763 1957 aut
790 1897 898 1971 caesis,
927 1898 1078 1960 Romanos
1106 1898 1142 1959 ad

68 1982 97 2043 id
119 1982 218 2062 ipsum
240 1982 347 2043 missos
376 1982 407 2043 in
432 1979 536 2042 urbem
563 1990 754 2060 acceperunt.
799 1992 828 2043 at
849 1999 918 2042 cum
940 1984 1057 2063 agmine
1086 1984 1181 2044 iamt

70 2068 100 2130 in
123 2068 220 2130 media
242 2065 327 2129 urbis
347 2085 383 2129 ac
403 2067 502 2128 lorum
523 2082 633 2149 magno
655 2066 784 2128 tumultu
807 2067 910 2139 iretur,
932 2076 1013 2130 ratus
1034 2068 1142 2130 Hanno

71 2154 143 2215 nihil
165 2151 243 2215 aliud
266 2170 354 2231 quam
376 2151 536 2213 tumultum
565 2167 599 2212 ac
621 2152 836 2224 secessionem,
866 2152 894 2212 id
918 2153 996 2232 quod
1024 2162 1144 2215 etanta

69 2238 226 2308 acciderat.
248 2237 440 2299 Numidarum
463 2255 528 2298 esse
550 2236 585 2297 ad
607 2236 853 2316 conprimendam
876 2237 1051 2299 seditionem
1073 2256 1144 2317 pro·

18 2334 45 2385 a
67 2323 166 2385 cessit
210 2332 299 2402 atque
320 2322 379 2395 ille,
401 2340 470 2383 cum
492 2322 519 2382 ei
542 2321 699 2383 multitudo
721 2321 814 2382 maior
841 2339 927 2401 quam
951 2322 1143 2384 Numidarum
1167 2332 1202 2383 tu·

6 2462 7 2465 ,
68 2408 175 2489 procul
203 2408 287 2479 uisa,
321 2418 351 2468 et
378 2406 489 2468 clamor
519 2406 671 2467 Romnum
703 2405 929 2486 haudquaquam
959 2407 1078 2485 ignotus
1108 2407 1145 2468 ad

6 2520 7 2565 3
68 2495 149 2556 auris
172 2492 335 2565 accidisset,
361 2491 532 2572 priusquam
554 2492 590 2552 ad
612 2491 703 2552 ictum
726 2491 777 2552 teli
798 2491 925 2563 ueniret,
949 2493 1075 2574 capessit
1096 2493 1143 2553 lu·

67 2597 144 2660 gam.
189 2595 245 2658 per
265 2595 401 2639 auersam
423 2586 540 2656 portam
562 2575 689 2638 emissus
710 2576 866 2657 adsumpto
888 2575 996 2638 comite
1014 2576 1145 2657 Epicyde
1167 2587 1194 2639 11

6 2662 7 2721 i
68 2682 136 2726 cum
166 2663 268 2744 paucis
295 2664 331 2724 ad
359 2679 441 2724 mare
469 2661 623 2741 peruenit,
653 2661 791 2740 nactique
821 2671 990 2741 opportune
1017 2681 1144 2742 paramur

18 2758 46 2808 at
69 2749 233 2829 nauigium,
254 2747 354 2809 relicta
376 2747 516 2810 hostibus
526 2747 633 2818 Sicilia,
655 2746 692 2807 de
715 2765 773 2826 qun
794 2765 850 2825 per
870 2755 916 2808 tot
936 2765 1032 2809 annos
1046 2759 1145 2810 certa-⁴

67 2845 131 2896 turn
161 2843 240 2906 erat,
269 2833 301 2894 in
323 2832 450 2895 Atticam
479 2832 669 2894 traiecerunt
713 2831 769 2892 alia
793 2831 952 2894 multitudo
974 2833 1145 2895 Poenorum
1167 2842 1202 2894 tt*

67 2920 298 2998 Siculorumque
326 2937 365 2979 ne
394 2924 535 2996 temptato
567 2916 687 2995 quidem
717 2916 879 2978 certamine
906 2935 975 2979 cum
1003 2920 1083 2980 caeci
1112 2919 1143 2980 in

66 3007 169 3084 lugam
196 3012 335 3078 ruerem,
364 3003 516 3082 clausique
546 3001 643 3062 exitus
671 3010 786 3076 essent,
814 3002 892 3063 circa
921 3012 1022 3083 portas
1050 3021 1142 3066 caesa.

68 3090 180 3173 oppido
208 3099 330 3168 recepto
351 3087 518 3161 Laeuinus,
546 3086 598 3166 qui
624 3086 720 3167 capita
747 3105 848 3148 rerum
870 3087 1023 3167 Agrigenti
1049 3098 1145 3163 erant,
1167 3099 1203 3150 tu

18 3185 45 3235 aa
66 3175 161 3256 uirgis
188 3191 292 3236 caesos
318 3173 417 3235 securi
445 3172 608 3253 percussit,
636 3179 752 3233 ceteros
773 3171 972 3252 praedamque
993 3173 1144 3250 uendidit;

135 3375 152 3427 2
170 3373 302 3441 syracusis
319 3377 340 3439 ς
356 3372 437 3426 Grau.
455 3385 594 3441 syracusus
612 3371 645 3426 Ρ*
662 3386 835 3440 syracusanus
853 3371 888 3424 Ρ·
900 3371 937 3441 ll³
956 3388 1020 3439 pace
1031 3373 1066 3426 Ρ·
1081 3389 1144 3442 pecc

66 3441 119 3509 1²¹1
133 3455 292 3507 cumponere
311 3443 383 3507 Pus
400 3455 414 3494 a
433 3442 461 3504 Ρ,
479 3456 539 3492 cum
557 3444 577 3505 ς
594 3445 643 3492 aut
659 3441 827 3493 adolendum
840 3445 887 3492 aut
899 3439 1145 3507 carthaginiensibus

6 3540 7 3547 κ
65 3510 238 3561 scribendum
259 3513 414 3575 energicam
436 3509 509 3560 Arm
531 3509 589 3562 Em.
607 3507 666 3559 btv.
685 3507 802 3575 1V32q
823 3511 837 3563 8
856 3509 933 3561 sociis
957 3507 991 3561 Ρ
1010 3511 1088 3562 sociis
1113 3509 1145 3562 ad

6 3566 7 3631 ἶ
66 3579 151 3644 1>¹te
169 3584 315 3644 erumperet
332 3576 372 3646 ΡΙ
387 3581 419 3631 1³
437 3578 505 3629 latae
522 3576 565 3643 ΡΙ
627 3581 740 3641 muros
759 3581 865 3645 propter
877 3579 1062 3646 postremoPll
1077 3581 1108 3633 ll
1121 3579 1146 3632 si

6 3638 7 3659 ¹
67 3646 153 3698 Aldu
170 3652 198 3698 et
215 3645 260 3710 ΡΙ
273 3648 305 3698 15
323 3647 410 3697 euenit
428 3649 447 3709 ς
464 3645 535 3696 uenit
551 3590 637 3713 Ploll
657 3643 684 3696 id
703 3650 729 3710 ς,
748 3661 798 3697 osu
812 3645 855 3710 Pu
868 3646 909 3699 22
928 3647 960 3698 23
979 3645 1063 3700 hauno
1081 3647 1145 3700 nihil

66 3715 136 3768 aliud
154 3716 255 3779 rertprt
271 3714 444 3766 hannonuliud
462 3714 486 3764 Ρ
500 3711 585 3764 hauno
597 3728 648 3764 non
661 3713 730 3766 aliud
742 3717 762 3778 ς
773 3713 783 3780 ΙΙ
796 3715 829 3766 26
845 3713 900 3765 uisa
912 3710 1015 3781 (essct)
1028 3716 1151 3768 sadud-1

62 3784 146 3850 puhu
164 3783 278 3850 quidm
295 3780 484 3849 Steropesque
503 3781 623 3832 comitem
641 3781 683 3848 Pp
697 3782 729 3834 29
747 3781 869 3848 nectique
888 3782 911 3833 Ρ
