2734 4250
182 148 224 208 94
562 145 772 213 urrunnun,
791 150 833 202 na.
851 150 886 201 as
1116 165 1261 209 ..umus
1359 117 1362 129 ’

181 320 270 401 paula
292 319 425 382 nundata
448 328 547 393 erant,
571 318 688 399 Capuae
711 319 783 381 duas
804 319 900 392 aedis,
926 318 1077 381 Fortunae
1099 328 1129 381 et
1150 319 1262 392 Martis,

182 414 213 468 ct
233 404 369 485 sepulcra
396 404 509 483 aliquot
536 405 573 465 de
600 404 681 465 caelo
710 414 802 477 mota,
831 404 932 466 Cumis
958 436 1001 449 ·-
1029 404 1102 465 adeo
1131 404 1262 467 minimis

182 491 270 553 etiam
292 488 382 551 rebus
404 507 496 569 praua
515 489 619 569 religio
641 490 747 551 inserit
768 489 839 551 deos
863 522 901 535 -·
925 506 1027 551 mures
1048 489 1077 551 in
1094 490 1166 550 aede
1182 489 1262 551 louis

144 586 159 636 t
181 593 287 637 aurum
301 575 420 647 rosisse,
443 573 541 635 Casini
556 592 679 636 examen
697 574 797 654 apium
814 574 922 653 ingens
943 574 974 635 in
990 576 1057 635 loro
1079 574 1260 649 consedisse,

182 670 211 722 et
226 659 326 721 Ostiae
341 677 459 721 murum
481 668 659 739 portamque
680 660 717 721 de
740 658 821 721 caelo
842 668 957 733 motam
980 658 1072 721 Caere
1092 659 1260 721 uolturium
1279 672 1295 721 t

182 745 298 808 uolasse
325 746 356 806 in
385 744 487 806 aedem
516 744 611 818 louis,
644 744 785 807 Vulsiniis
813 744 959 823 sanguine
988 745 1085 806 lacum
1115 762 1260 807 manasoe.

144 831 287 893 thorum
315 829 518 910 prodigiorum
548 847 636 891 eausa
665 830 743 890 diem
771 847 866 891 unum
893 829 1071 910 supplicatio
1097 830 1161 891 luit
1206 848 1261 910 per

181 916 245 979 dies
266 914 380 995 aliquot
399 915 513 977 hostiae
535 915 661 977 maiores
681 916 748 977 sine
771 914 906 976 litatione
927 933 1039 988 caesae,
1061 914 1172 995 diuque
1197 934 1258 977 non
1358 977 1362 987 ,

181 1002 338 1082 impetrata
354 1018 410 1081 pax
425 1000 523 1061 deum.
568 1000 598 1060 in
622 1000 718 1079 capita
741 1000 896 1062 consulum
919 1018 953 1061 re
975 1000 1094 1081 publica
1116 999 1259 1062 incolumi

182 1085 338 1149 exitiabilis
360 1084 563 1166 prodigiorum
586 1094 714 1147 euentus
736 1084 836 1147 uertit.
1280 1096 1308 1149 td

152 1181 168 1231 o
268 1169 343 1232 Ludi
363 1170 549 1250 Apollinares
571 1169 606 1241 Q.
630 1168 736 1232 Fuluio
760 1172 813 1250 Ap.
836 1168 958 1231 Claudio
983 1169 1158 1232 consubbus
1185 1189 1204 1232 a
1226 1170 1259 1235 P.

182 1256 321 1320 Cornelio
337 1255 416 1317 Sulla
432 1264 570 1337 praetore
585 1254 701 1317 urbano
714 1255 843 1335 primum
860 1254 929 1315 lacti
944 1263 1047 1329 erant3
1069 1255 1140 1317 inde
1155 1274 1261 1318 omnes

181 1344 323 1421 deinceps
344 1350 498 1421 praetores
520 1339 626 1401 urbani
641 1342 792 1415 lecerunt;
814 1340 912 1402 sedin
928 1358 1022 1402 unum
1036 1358 1150 1402 annum
1165 1358 1261 1403 uoue-

145 1436 160 1486 θ
181 1429 254 1490 bant
269 1427 376 1506 dieque
390 1426 504 1487 incerta
519 1424 675 1487 iaciebant
712 1444 748 1487 eo
764 1444 845 1487 auno
859 1424 1028 1505 pestilentia
1042 1426 1142 1504 grams
1156 1426 1261 1489 incidit
1359 1446 1362 1490 ι

181 1515 212 1575 in
235 1512 341 1574 urbem
364 1529 520 1590 agrosque,
543 1528 620 1590 quae
637 1519 735 1572 mmen
754 1511 847 1589 magis
860 1512 891 1571 iu
908 1510 1016 1591 longos
1030 1511 1153 1574 morbos
1168 1529 1258 1591 quam
1279 1522 1305 1574 tt
1358 1515 1361 1526 '

145 1599 212 1659 tin
235 1596 436 1677 perniciabilis
458 1597 560 1658 euasit
604 1596 668 1657 eius
691 1596 876 1676 pestilentiae
899 1613 985 1657 causa
1007 1606 1039 1657 et
1059 1597 1259 1677 supplicatum

181 1700 236 1763 per
257 1681 384 1761 compita
413 1690 474 1743 tota
495 1681 570 1743 orbe
592 1690 652 1759 est,
682 1690 713 1743 et
737 1681 766 1741 P.
791 1680 922 1743 Licinius
943 1679 1036 1743 Varus
1064 1692 1186 1761 praetor
1207 1700 1259 1743 ur·

181 1766 279 1829 baum
292 1766 388 1845 legem
403 1768 482 1827 terre
503 1767 539 1828 ad
554 1766 699 1847 populum
722 1766 828 1839 iussus,
851 1775 885 1828 ut
905 1766 925 1828 ii
948 1766 1009 1827 ludi
1031 1767 1259 1847 inperpetuum

182 1854 213 1915 in
228 1860 331 1913 statam
346 1850 425 1913 diem
438 1860 634 1913 uouerentur.
665 1853 730 1931 ipse
745 1852 860 1931 primus
874 1852 913 1913 ita
927 1852 1022 1925 uouit,
1044 1852 1173 1931 lecitque
1189 1862 1260 1914 ante

181 1937 260 1998 diem
274 1936 395 1998 tertium
411 1955 506 1998 nonas
520 1936 670 2008 Quintilis.
707 1937 732 1999 is
747 1937 810 1999 dies
824 1936 931 1999 deindo
945 1937 1099 1999 sollemnis
1113 1946 1261 2000 seruatus
1281 1949 1307 2002 td

130 2026 170 2085 24
269 2022 312 2083 lle
340 2022 485 2083 Arretinis
513 2030 544 2083 et
570 2022 646 2083 fama
677 2022 708 2083 in
738 2021 801 2083 dies
829 2022 949 2102 grauior
976 2030 1007 2082 et
1028 2040 1099 2083 cura
1121 2040 1259 2085 crescere

180 2107 325 2190 patribus.
367 2107 468 2186 itaque
482 2106 514 2169 C.
534 2104 658 2169 Hostilio
679 2108 825 2188 scriptum
847 2115 902 2182 est,
925 2125 963 2168 ne
985 2106 1118 2170 differret
1139 2107 1259 2189 opsides

179 2193 217 2256 ab
240 2193 385 2255 Arretinis
412 2193 563 2273 accipere,
593 2201 638 2266 et,
666 2194 715 2254 cui
745 2194 874 2255 maderet
902 2193 1026 2254 Romam
1057 2193 1257 2270 deducendos,

142 2289 157 2341 2
179 2280 210 2342 C.
232 2279 390 2341 Terentius
418 2278 511 2340 Varro
541 2297 609 2340 cum
638 2278 763 2358 imperio
786 2279 903 2343 missus.
948 2278 999 2358 qui
1021 2287 1055 2339 ut
1076 2279 1176 2354 uenit,
1206 2299 1259 2341 ex·

179 2364 291 2445 templo
307 2363 451 2426 Hostilius
471 2363 618 2442 legionem
641 2381 741 2438 unam,
767 2381 844 2443 qnae
866 2373 935 2426 ante
956 2362 1062 2424 urbem
1085 2374 1182 2426 castra
1205 2365 1258 2426 ba·
1279 2375 1308 2426 aa

179 2449 281 2521 bebat‚
310 2450 396 2529 signa
424 2449 455 2510 in
479 2448 583 2511 urbem
605 2449 685 2510 ferre
707 2447 793 2511 iussit
818 2449 1024 2529 praesidioque
1046 2448 1119 2510 locis
1141 2450 1259 2512 idoneis

179 2534 341 2615 disposuit;
363 2543 426 2595 tum
445 2535 476 2595 in
499 2535 598 2596 lorum
619 2534 716 2596 citatis
738 2533 927 2596 senatoribus
949 2533 1068 2596 obsides
1086 2534 1257 2614 imperauit

141 2630 156 2681 3
177 2637 246 2682 cum
267 2627 388 2682 senatus
407 2617 531 2680 biduom
553 2619 590 2680 ad
611 2619 860 2681 considerandum
881 2628 1007 2699 poteret
1029 2627 1080 2680 aut
1100 2619 1182 2700 ipsos
1205 2639 1259 2682 ex-

177 2705 290 2785 templo
305 2704 374 2766 dare
395 2712 447 2765 aut
466 2722 499 2765 se
519 2712 642 2784 postero
659 2704 707 2766 die
729 2713 902 2766 senatorum
924 2704 1021 2766 omnis
1042 2703 1153 2767 liberos
1173 2723 1258 2767 sum-

178 2799 300 2869 pturum
328 2789 426 2850 edixit
470 2789 540 2850 inde
561 2798 663 2869 portas
691 2789 841 2852 custodire
863 2790 949 2852 iussit
969 2790 1108 2852 tribunos
1129 2790 1260 2854 militum
1280 2801 1312 2852 a)

255 2943 266 2992 1
287 2938 374 2990 nuntia
398 2939 438 2995 Ρ.
461 2954 531 2991 corr.
548 2939 582 2991 ps
598 2939 608 3004 Ι
625 2939 686 2992 edes
709 2939 746 2989 Σ*
762 2940 772 3006 Ι
791 2941 806 2992 2
824 2937 959 3004 sepulchra
981 2938 1086 3006 aliquod
1108 2937 1157 3008 ΡΙ
1172 2943 1258 2994 cumis

177 3008 286 3074 Lipsius
308 3007 399 3059 conniis
422 3009 446 3058 P
465 3023 523 3059 cum
546 3008 586 3060 liis
609 3008 654 3059 nel
676 3023 735 3059 cum
752 3009 784 3058 iis
802 3005 862 3072 bill
879 3007 895 3059 3
914 3021 993 3073 parua
1012 3007 1060 3074 Pl
1078 3010 1094 3059 5
1113 3007 1197 3061 hostie
1216 3009 1259 3060 ΣΡ

178 3076 243 3129 ostis
260 3075 309 3144 Pl
328 3080 396 3127 tacta
414 3074 491 3142 llil
508 3075 647 3128 uolturium
666 3077 690 3127 P
708 3075 836 3128 uulturem
854 3075 945 3142 2⁸16
963 3075 1027 3128 aede
1045 3073 1216 3142 Pluulsinis
1235 3079 1261 3130 P

177 3144 313 3197 unlsciniis
330 3143 368 3193 Σ
379 3143 419 3212 18
436 3142 548 3210 dinquae
566 3144 590 3194 P
604 3143 659 3210 llll
677 3142 817 3197 exitiabilis
835 3145 876 3207 1²¹,
893 3147 965 3194 lotar
981 3143 1007 3195 xi
1026 3143 1060 3195 P¹
1075 3159 1208 3208 αμψοτ.
1227 3153 1258 3197 at

177 3213 263 3266 aelst
280 3212 291 3281 Ι
309 3215 338 3266 11
357 3212 459 3264 claudio
483 3212 632 3264 consulibus
649 3228 663 3263 a
681 3227 708 3279 p.
726 3212 771 3276 Σ,
794 3227 844 3264 om.
863 3211 910 3278 Pl
931 3213 961 3264 12
979 3211 1055 3264 suilla
1073 3213 1131 3276 »l
1151 3219 1257 3278 pretore

177 3282 275 3334 urbano
293 3280 330 3332 Σ·
352 3284 389 3346 pf.
408 3280 464 3332 urb.
481 3278 524 3346 Pl
539 3282 571 3333 ta
587 3281 682 3333 incerta
702 3282 738 3332 2¹
757 3280 855 3332 incerto
874 3279 967 3347 Pllb
985 3280 1010 3331 in
1030 3279 1088 3332 Pal*
1105 3294 1151 3346 per
1168 3282 1228 3333 2¹²
1247 3285 1258 3348 l

176 3349 240 3402 urbe
258 3348 305 3417 Pl
324 3349 418 3414 longos
439 3347 543 3400 morbos
560 3351 597 3398 2¹
615 3348 720 3400 morbos
738 3348 830 3413 longos
848 3347 942 3414 Plld
961 3347 1139 3413 penultiabilis
1157 3349 1257 3417 Pper-

176 3417 287 3470 mitlales
305 3415 368 3485 2¹1
388 3419 417 3469 l'l
436 3423 523 3484 pretor
545 3417 656 3468 urbanus
679 3416 717 3468 Σ
741 3431 796 3482 .p.r.
814 3416 869 3468 urb.
888 3415 982 3483 Plltl
1000 3421 1029 3468 ut
1046 3416 1065 3467 il
1082 3413 1121 3466 ΣΡ
1142 3417 1182 3468 nti
1206 3419 1256 3485 Pl

177 3489 209 3538 20
228 3500 309 3537 nonas
327 3485 385 3537 Pal*
400 3485 460 3537 idns
477 3483 580 3535 Merkel
589 3482 599 3552 l
613 3484 730 3551 quintilis
749 3485 786 3536 Σι
805 3483 928 3551 quintiles
945 3484 987 3552 Pl
1000 3486 1030 3536 22
1045 3485 1149 3551 grauior
1160 3483 1257 3604 bem)

177 3558 204 3604 et
220 3556 290 3605 cont.
312 3551 540 3619 Wunder-3123
558 3560 585 3605 et
602 3552 776 3619 ommni
794 3551 1149 3620 qnisl'cntnqniPli'l
1178 3569 1256 3607 muna

176 3618 270 3670 Dslrar
287 3619 343 3670 loro
361 3620 419 3670 ΡΣ·
430 3621 440 3688 Ι
453 3622 486 3673 28
504 3626 604 3688 peteret
619 3620 722 3685 Dulw,
739 3623 788 3688 qna·
805 3620 852 3672 uel
869 3619 939 3672 bidui
952 3635 1012 3672 curn
1023 3619 1152 3672 blandito
1164 3621 1257 3688 tagen-

177 3689 242 3739 dun
264 3687 309 3737 uel
334 3691 436 3755 tempus
456 3703 508 3753 pro
527 3689 619 3753 glossa
641 3689 782 3740 &mum
804 3691 956 3752 mbilmot,
985 3695 1036 3740 tem
1056 3703 1086 3740 us
1111 3695 1213 3757 peteret
1236 3693 1261 3743 P

177 3759 276 3822 peteret
288 3760 388 3821 ternpus
399 3756 437 3804 ΣΙ
449 3755 460 3822 l
471 3757 504 3808 29
516 3755 572 3808 dies
583 3757 624 3821 P¹‚
635 3771 707 3809 corr.
719 3757 753 3807 P'
763 3756 774 3823 l
788 3759 820 3812 30
828 3756 910 3809 edixit
921 3773 956 3808 asc
967 3756 1031 3809 dixit
1083 3756 1094 3822 l
1105 3757 1183 3810 iussit
1192 3759 1255 3811 ΡΣ

177 3823 240 3874 iussi
260 3821 342 3873 Groo.
354 3821 365 3887 l
376 3823 492 3875 tribunos
509 3823 547 3872 ΣΙ
563 3824 659 3876 tribuni
678 3826 701 3876 P
716 3825 797 3878 Gron.
