2734 4250
175 133 237 193 236
547 133 639 187 LIBER
658 133 778 200 XXVMM,
794 135 836 189 at.
855 136 887 187 ab
1107 159 1128 193 ι.
1143 159 1165 192 n·
1180 158 1202 192 e.
1215 150 1256 191 bac

175 306 332 369 multitudo
347 324 378 367 se
394 305 545 368 effudisset
560 306 740 384 grauiorque
755 305 859 385 iamin
873 304 1037 367 certamine
1055 314 1144 376 esset,
1165 322 1256 383 quam

177 402 210 453 ut
238 390 323 453 facile
351 388 492 452 sustiueri
519 399 634 470 posset,
663 390 783 452 cederet
811 390 968 469 paulatim3
996 408 1030 451 se
1058 390 1089 451 in
1118 400 1257 468 tempore

138 487 154 537 9
176 494 294 556 pugnae
313 474 525 537 obuenturum.
562 483 677 536 tantum
701 482 843 549 moratus,
866 485 1011 555 quantum
1026 475 1097 536 satis
1111 476 1258 555 temporis

176 578 349 642 praegresso
372 560 470 622 uisum
491 559 527 621 ad
550 559 711 622 eliciendos
732 558 843 634 bostis,
872 578 941 621 cum
963 559 1097 621 Romano
1121 560 1257 639 equitatu

175 656 305 719 secutus,
329 642 498 725 tegentibus
520 645 649 718 tumulis,
673 645 724 724 qui
739 653 966 725 peropportune
986 644 1065 706 circa
1080 645 1148 705 uiae
1162 645 1260 705 limus
1282 657 1302 707 5

125 741 154 794 tu
176 731 304 811 oppositi
320 737 414 802 erant,
431 729 564 791 occultus
578 730 734 809 processit.
771 729 925 792 Masinissa
939 748 974 791 ex
989 730 1155 810 composito
1171 746 1258 789 nunc

175 815 316 877 terrentis
338 833 420 876 nnnc
442 815 574 876 timentis
596 814 685 875 modo
707 824 760 875 aut
780 814 852 894 ipsis
873 814 1065 893 obequitabat
1085 814 1182 894 portis
1205 820 1261 873 aut

177 901 320 973 cedendo,
343 916 410 961 cum
434 898 548 961 timoris
570 898 716 960 simulatio
738 899 890 961 audaciam
911 899 992 961 hosti
1013 901 1133 971 laceret,
1154 899 1191 961 ad
1206 898 1258 959 in-

126 996 152 1046 11
176 986 362 1063 sequendum
390 993 501 1045 temere
530 983 675 1046 eliciebat.
726 984 861 1046 nondum
887 1003 993 1046 omnes
1020 986 1131 1065 egressi
1159 993 1258 1056 erant,

177 1070 318 1148 uarieque
339 1070 398 1130 dux
420 1067 595 1148 fatigabatur
617 1069 691 1130 alios
712 1069 784 1130 uino
807 1077 838 1131 et
858 1088 964 1131 somno
986 1070 1086 1151 grauis
1105 1087 1188 1130 arma
1205 1086 1259 1130 ca·
1286 1082 1319 1132 rc

176 1172 249 1233 pere
271 1163 300 1216 et
321 1156 439 1215 frenare
460 1170 554 1233 equos
576 1153 730 1234 cogendo,
758 1154 837 1227 aliis,
868 1173 907 1215 ne
928 1155 1022 1234 sparsi
1049 1165 1081 1215 ct
1110 1153 1259 1215 inconditi

176 1240 241 1301 sine
256 1239 372 1311 ordine,
394 1240 459 1301 sino
474 1239 567 1318 signis
583 1238 724 1300 omnibus
738 1239 832 1319 portis
847 1248 1049 1310 excurrerent,
1071 1238 1257 1319 opsistendo.

126 1335 154 1387 12
176 1325 274 1405 primo
298 1324 416 1386 incaute
439 1342 471 1384 se
493 1322 663 1385 inuehentis
685 1323 838 1385 Masinissa
860 1323 1039 1403 excipiebat;
1061 1342 1132 1385 mox
1153 1324 1259 1403 plures

176 1409 264 1472 simul
286 1408 411 1470 conserti
435 1416 522 1487 porta
550 1408 635 1469 effusi
665 1418 868 1486 aequauerant
895 1418 1064 1484 certamen;
1093 1418 1258 1489 postremo,

177 1494 235 1555 iam
257 1494 355 1556 omnis
376 1494 526 1571 equitatus
547 1493 661 1573 proelio
684 1511 753 1554 cum
774 1492 905 1568 adesset,
932 1494 1073 1556 sustineri
1095 1494 1173 1555 ultra
1202 1512 1258 1555 ne-
1284 1506 1315 1557 15

125 1589 154 1640 ts
177 1579 290 1658 quiere.
335 1596 398 1639 non
421 1586 520 1639 tamen
544 1578 635 1640 effusa
657 1580 726 1658 iuga
744 1578 906 1654 Masinissa,
928 1580 980 1640 sed
995 1578 1128 1641 cedendo
1143 1578 1258 1641 sensim

177 1663 305 1742 impetus
324 1681 427 1723 eorum
443 1662 616 1743 excipiebat,
638 1663 735 1725 donec
749 1663 785 1724 ad
802 1663 931 1726 tumulos
946 1664 1073 1744 tegentis
1087 1664 1258 1725 Romanum

127 1758 155 1810 tt
177 1748 340 1826 equitatum
363 1747 514 1826 pertraxit.
552 1748 622 1809 inde
636 1748 733 1809 exorti
746 1748 862 1827 equites
884 1758 914 1810 et
928 1749 985 1828 ipsi
999 1750 1125 1830 integris
1140 1746 1258 1809 uiribus

177 1841 207 1893 et
228 1830 399 1893 recentibus
421 1832 506 1910 equis
528 1832 668 1895 Hannoni
691 1833 829 1911 dirisque
851 1834 1014 1913 pugnando
1040 1853 1076 1896 ac
1100 1832 1258 1913 sequendo

178 1916 262 1977 sessis
276 1934 308 1977 se
324 1916 558 1992 circumiudcre;
574 1926 603 1977 et
614 1917 770 1979 Masinissa
782 1918 865 1980 flexis
875 1917 975 1979 subito
984 1919 1070 1997 cquis
1080 1920 1113 1984 in
1123 1935 1258 1999 pugnam
1281 1930 1312 1981 2⁰

127 2012 154 2062 15
176 2000 272 2062 rediit
315 2000 395 2062 mille
417 2002 526 2075 sermo,
551 2002 600 2081 qui
624 2002 712 2081 primi
734 2002 860 2082 agminis
882 2004 1016 2077 fuerant,
1044 2004 1155 2083 quibus
1176 2002 1258 2064 baud

177 2085 269 2149 facilis
290 2094 428 2166 receptus
450 2087 518 2161 luit,
541 2104 609 2149 cum
632 2088 698 2167 ipso
719 2086 796 2150 duce
818 2087 967 2151 Hannone
989 2089 1143 2152 interclusi
1165 2098 1258 2167 atque

126 2181 155 2233 to
176 2171 325 2233 interlecti
347 2181 434 2248 sunt;
457 2185 583 2245 ceteros,
605 2173 690 2234 ducis
711 2173 872 2252 praecipue
894 2175 1013 2236 territos
1035 2175 1139 2248 caede,
1161 2175 1257 2236 etiuse

177 2256 317 2336 rugientis
332 2274 387 2336 per
401 2257 521 2337 triginta
536 2257 615 2318 milia
632 2275 774 2338 passuum
789 2258 919 2321 moeres
932 2260 1027 2321 secuti
1041 2260 1078 2322 ad
1092 2259 1152 2321 duo
1167 2277 1255 2339 prae·

126 2353 153 2402 tt
176 2351 258 2404 terea
279 2342 358 2403 milia
380 2343 513 2420 equitum
538 2351 590 2404 aut
615 2352 761 2423 ceperunt
789 2352 841 2404 aut
868 2342 1052 2406 occiderunt
1094 2345 1175 2405 inter
1202 2361 1258 2405 eos
1281 2354 1315 2406 15

177 2427 247 2488 satis
269 2426 424 2488 constabat
446 2447 508 2489 non
530 2427 630 2489 minus
652 2427 799 2490 ducentos
826 2427 1112 2509 Carthaginiensium
1139 2428 1258 2508 equites

125 2515 163 2573 bb
176 2511 283 2585 luisse,
312 2521 342 2572 et
363 2512 472 2574 diuitiis
494 2511 637 2591 quosdam
660 2523 690 2574 et
712 2531 823 2593 genere
844 2513 995 2576 inlustres.
1039 2513 1143 2575 eodem
1165 2513 1257 2585 forte,

178 2613 237 2674 quo
253 2598 324 2658 haec
339 2606 517 2676 gestarunt,
539 2597 586 2658 die
603 2615 705 2671 naues,
728 2615 803 2676 quae
818 2599 958 2678 praedam
972 2599 1004 2659 in
1020 2598 1149 2661 Siciliam
1164 2617 1257 2660 uexe-

176 2689 255 2755 rant,
277 2698 346 2744 cum
368 2691 535 2743 commeatu
556 2682 682 2755 rediere,
704 2683 788 2743 uelut
809 2683 956 2744 ominatae
977 2683 1166 2764 adpraedam
1182 2684 1257 2744 alte·

69 2801 76 2812 ·
141 2775 240 2825 tram
262 2767 453 2845 repetendam
483 2786 549 2830 sese
575 2767 705 2828 uenisse.
750 2769 825 2829 duos
854 2768 959 2830 eodem
989 2769 1111 2830 nomine
1133 2769 1258 2831 Cartba-
1281 2778 1314 2829 ω

247 2917 262 2967 2
280 2914 383 2967 cederet
401 2916 425 2966 P
439 2915 530 2968 cedere
542 2916 579 2966 2¹
591 2916 630 2984 13
649 2914 821 2968 obtenturum
834 2918 858 2969 P
872 2922 1007 2969 uenturum
1020 2919 1059 2968 2¹
1069 2918 1256 2972 subuentmun

178 2983 247 3034 boot
264 2982 300 3032 ad
317 2982 370 3034 dic.
422 3023 428 3037 .
448 2985 484 3035 od
502 2985 556 3036 Ate.
575 2985 600 3048 2,
619 2983 794 3054 rapinarum
814 3001 850 3035 ear
868 2989 974 3037 tumturn
993 2986 1196 3053 P¹1pregresso
1214 3003 1257 3040 sa·

177 3051 211 3102 tis
229 3050 351 3116 temporis
419 3051 428 3119 1
443 3053 528 3105 dnisu
546 3051 586 3102 2²
598 3053 609 3117 1
620 3051 761 3105 eliciendos
773 3053 812 3102 2²
829 3052 945 3104 diendos
956 3053 989 3105 Ρι
1006 3053 1113 3106 ciendos
1124 3053 1200 3120 Pte
1213 3071 1255 3108 ae·

178 3122 253 3170 cutus
279 3117 350 3169 P¹2²
374 3125 569 3172 secutuseeutus
592 3120 624 3172 P¹
640 3121 650 3187 1
670 3125 859 3187 peropportune
881 3121 906 3172 P
926 3127 1071 3188 opportune
1088 3122 1126 3172 2¹
1143 3123 1153 3188 Ι
1172 3123 1256 3175 flexus

178 3187 291 3253 oppositi
314 3188 351 3237 Σι
376 3187 575 3255 ssexueuppositi
598 3188 630 3240 Ρ1
656 3187 726 3240 ssexir
749 3188 877 3254 suppositi
899 3188 933 3239 Ρ·
949 3189 993 3255 16
1015 3191 1160 3257 composito
1184 3190 1258 3242 P⁸2²

178 3255 324 3322 enmpoeito
343 3255 374 3305 Ρ1
389 3255 400 3324 1
418 3257 433 3308 8
452 3255 582 3308 simulatio
600 3257 624 3306 Ρ
641 3256 754 3308 simulati
772 3256 832 3323 ΣΙ
848 3255 1018 3322 insequiitem
1036 3257 1078 3323 ΡΙ
1094 3261 1122 3311 11
1141 3258 1192 3311 elie
1209 3259 1258 3326 Ρ1

178 3322 315 3376 inconditis
332 3323 358 3374 in
377 3338 409 3376 eo
430 3323 518 3376 ordine
535 3323 574 3372 2²
586 3323 596 3390 1
610 3325 642 3377 12
660 3331 823 3377 excurrerent
841 3326 1011 3376 Percurrere
1028 3325 1088 3393 ΣἿ
1105 3327 1135 3378 13
1158 3328 1258 3393 primos

178 3391 202 3443 J.
220 3391 397 3456 moraturi
411 3406 438 3443 se
457 3392 512 3454 (uei
528 3392 594 3452 sine)
616 3392 761 3444 inuehentis
779 3392 819 3442 2²
835 3391 983 3444 tenebratis
1000 3393 1030 3444 Ρ1
1054 3393 1178 3446 uenientis
1195 3395 1259 3462 ΡἿ

180 3460 212 3510 15
225 3461 351 3512 sustinere
363 3457 404 3526 Ρ1
419 3459 556 3526 nequiuere
568 3460 608 3510 2¹
620 3460 630 3526 1
646 3464 675 3512 ti
689 3460 835 3524 excipiebat
851 3460 897 3510 oet
907 3459 1050 3527 accipiebat
1061 3462 1101 3512 2¹
1112 3461 1258 3530 accipiebat

179 3526 266 3592 Ρ1118
283 3527 333 3593 ipsi
351 3527 445 3594 Pipae
464 3525 502 3577 Σ1
516 3527 526 3595 1
542 3531 573 3582 ts
591 3527 738 3580 recentibus
758 3544 812 3580 rae.
830 3544 865 3578 ear
882 3528 1032 3593 regentibus
1049 3529 1090 3593 ΡΙ
1104 3529 1218 3582 brunoni
1236 3533 1260 3583 Ρ

179 3593 297 3646 hannone
316 3595 352 3644 2¹
365 3593 375 3662 11
388 3596 419 3649 21
437 3594 514 3648 rediit
530 3594 633 3648 Predit
651 3597 690 3644 2²
702 3595 712 3661 1
725 3595 803 3648 ierne
815 3596 854 3645 2²
871 3595 925 3647 iere
937 3597 979 3662 ΡΙ
992 3596 1065 3662 primi
1078 3597 1103 3647 Ρ
1115 3599 1187 3664 prins
1198 3598 1259 3664 2¹}

180 3660 273 3726 quibus
291 3664 314 3712 Ρ
328 3667 357 3712 ut
374 3665 467 3728 quibus
485 3663 522 3714 2¹
535 3665 545 3729 1
558 3665 590 3716 22
608 3669 729 3729 receptus
741 3662 780 3713 2²
796 3662 918 3730 dereptus
931 3663 974 3729 ΡΙ
987 3665 1018 3716 tt
1031 3663 1104 3716 ducis
1120 3667 1166 3716 aet
1176 3665 1259 3720 duces

180 3727 218 3777 2²
236 3727 314 3780 duces
326 3730 349 3778 Ρ
359 3730 368 3794 1
379 3733 532 3798 praecipuae
551 3733 590 3796 Ρ11
605 3734 639 3784 21
657 3731 760 3797 triginta
773 3729 833 3783 P2²
849 3730 937 3783 decem
955 3732 1000 3783 uel
1015 3732 1062 3784 trie
1075 3732 1162 3798 ς125
1176 3735 1257 3788 ninia

181 3796 223 3860 Ρ11
236 3797 268 3847 18
286 3801 409 3846 uexerant
421 3799 453 3848 Ρι
466 3805 595 3850 uexarent
608 3798 640 3849 Ρ*
654 3803 662 3863 1
675 3800 707 3852 29
719 3798 824 3850 niteram
838 3815 888 3851 oet.
901 3801 940 3849 2²
952 3800 963 3866 1
975 3801 1008 3853 30
1020 3800 1187 3866 repetendam
1206 3819 1259 3855 on.
