2734 4250
200 96 242 152 44
582 92 678 147 HBER
696 92 785 161 XXVI,
803 96 843 148 ³8.
862 95 895 147 39
1130 119 1151 152 a.
1166 120 1189 153 u.
1203 120 1225 153 c.
1239 111 1279 152 bat

163 280 180 330 4
201 268 229 329 id
253 266 372 329 foedum
394 266 552 328 consilium
574 284 642 327 cum
657 266 778 347 incepto
800 277 863 327 tum
879 266 966 327 etiam
981 265 1062 327 exitu
1077 265 1142 327 luit.
1180 283 1281 344 neque

174 379 175 382 ¹
201 352 282 414 enim
305 351 427 432 indigna
450 351 626 431 patientium
649 351 738 412 modo
760 350 1003 413 abalienabantur
1018 350 1125 423 animi,
1153 349 1205 411 sed
1229 369 1280 411 ce-

200 448 333 499 terorum
355 437 458 498 etiam:
482 437 593 515 quippe
615 437 650 498 ad
673 435 768 516 pluris
789 435 955 516 exemplum
979 454 1067 515 quam
1087 434 1186 497 clades
1208 454 1280 514 per·

163 534 177 582 a
200 521 321 583 tinebat.
359 540 415 583 nec
430 521 537 583 consul
550 521 703 583 Romanus
718 521 897 600 temptandis
913 520 1046 595 urbibus,
1069 520 1193 582 sicunde
1208 539 1280 599 spes

163 607 295 682 talique
317 625 351 668 se
373 606 565 681 ostendisset,
587 607 697 668 deerat
736 606 868 688 Salapiae
890 606 1041 687 principes
1063 615 1151 666 erant
1171 604 1317 667 Basiuss

200 702 231 753 et
244 692 382 766 Blattius3
406 691 508 754 Dasius
522 691 681 753 Hannibali
697 690 819 766 amicus,
841 690 974 764 Blattius,
997 688 1142 769 quabtum
1160 708 1197 749 ex
1212 700 1279 751 tuto

200 785 326 856 poterat,
351 796 414 839 rem
436 776 598 838 Homanam
621 775 744 838 fouebat
765 786 795 838 et
817 794 870 857 per
892 776 1025 838 occultos
1048 775 1171 837 nuntios
1192 794 1279 855 spem

201 862 377 942 proditionis
391 863 502 924 lecerat
515 861 663 924 Marcello.
694 862 746 923 sed
762 862 827 924 sine
843 862 975 924 adiutore
988 861 1074 923 Dasio
1090 878 1139 921 res
1153 860 1280 939 transigi

162 956 177 1004 't
201 966 262 1008 non
285 956 410 1026 poterat
446 948 572 1009 multum
594 965 629 1007 ac
650 946 702 1008 diu
724 956 891 1020 cunctatus,
914 956 945 1007 et
966 955 1029 1007 tum
1048 963 1168 1025 quoque
1183 947 1279 1025 magis

201 1032 302 1111 inopia
324 1032 440 1094 consilii
461 1031 585 1113 potioris
607 1049 695 1111 quam
718 1050 771 1112 spe
794 1032 933 1104 effectus,
957 1031 1076 1093 Dasium
1099 1029 1279 1109 appellabat.
1303 1043 1331 1093 to

201 1127 231 1178 at
251 1116 317 1189 ille,
340 1136 407 1178 cum
431 1117 467 1178 ab
490 1135 523 1178 re
544 1134 685 1191 auersus,
711 1125 775 1179 tum
797 1115 912 1178 aemulo
936 1125 1107 1197 potentatus
1128 1114 1279 1189 inimicus,

163 1210 179 1261 8
201 1220 266 1263 rem
282 1201 440 1264 Hannibali
455 1202 559 1282 aperit.
596 1203 737 1264 arcessito
753 1212 880 1282 utroque
896 1200 1044 1263 Hannibal
1067 1218 1135 1261 oum
1151 1218 1208 1279 pro
1224 1202 1281 1261 tri·

202 1287 304 1349 bunali
326 1288 469 1367 quaedam
492 1297 594 1367 agaret
613 1304 684 1348 mox
706 1288 743 1349 de
766 1287 872 1348 Blattio
894 1287 1079 1365 cogniturus,
1104 1296 1281 1364 starentque

201 1382 350 1434 summoto
372 1372 486 1453 populo
508 1380 663 1434 accusator
683 1382 715 1433 et
736 1391 815 1445 reus,
839 1372 962 1433 Blattius
984 1370 1021 1431 de
1037 1370 1207 1451 proditione
1222 1370 1280 1431 Da·

165 1466 180 1516 9
200 1458 278 1519 sium
292 1457 467 1538 appellabat
505 1457 659 1519 enimuero
681 1457 730 1518 ibe
753 1457 836 1518 uelut
857 1458 887 1519 in
904 1456 1058 1518 manifesta
1073 1474 1106 1516 re
1124 1453 1279 1529 exclamat,
1302 1468 1328 1519 tt

202 1543 258 1604 sub
292 1543 386 1604 oculis
412 1541 586 1604 Hannibalis
617 1560 718 1605 secum
752 1542 789 1603 de
816 1542 985 1622 proditione
1017 1541 1073 1620 agi.
1118 1540 1279 1602 Hannibali

202 1637 292 1705 atque
313 1626 357 1689 ais
378 1627 430 1706 qui
451 1627 590 1700 aderant,
618 1646 679 1707 quo
707 1628 845 1689 audacior
874 1645 923 1690 res
944 1634 1024 1700 erat,
1054 1626 1154 1687 minus
1175 1625 1281 1687 similis
1357 1652 1358 1713 p

152 1720 181 1771 tu
202 1712 267 1773 ueri
290 1712 351 1773 uisa
373 1722 433 1773 est:
455 1712 682 1773 aemulationem
702 1712 836 1792 prolecto
858 1722 947 1791 atque
969 1711 1069 1773 odium
1092 1728 1173 1782 esse,
1198 1720 1229 1771 et
1251 1710 1279 1771 id

202 1796 315 1858 cumen
338 1796 456 1869 adferri,
479 1797 568 1876 quod,
591 1798 659 1875 quia
680 1806 786 1858 testem
808 1796 918 1859 babere
940 1816 1001 1857 non
1025 1796 1131 1876 possit,
1155 1794 1281 1857 liberius

152 1890 180 1941 11
201 1882 327 1961 fingenti
348 1880 396 1942 sit.
439 1881 478 1943 ita
500 1882 571 1943 inde
591 1881 703 1944 dimissi
726 1892 806 1943 sunt.
851 1901 907 1944 nec
930 1882 1052 1943 Blattius
1073 1890 1144 1941 ante
1166 1881 1281 1959 apstitit
1301 1892 1329 1943 tu

203 1977 262 2027 tam
278 1966 381 2028 audaci
396 1966 526 2046 incepto,
550 1984 638 2046 quam
658 1967 735 2028 idem
751 1967 944 2047 optundendo
960 1966 1166 2044 docendoque,
1189 1983 1278 2044 quam

203 2069 307 2113 cares
329 2051 401 2134 ipsis
422 2052 595 2133 patriaeque
616 2052 752 2114 salutaris
774 2063 860 2127 esset,
885 2052 1021 2133 peruicit,
1043 2060 1077 2112 ut
1098 2049 1279 2131 praesidium

203 2138 350 2200 Punicum
371 2138 594 2218 -quingenti
621 2149 721 2200 autem
751 2137 893 2200 Numidae
921 2147 1006 2199 erant
1032 2171 1074 2183 -
1103 2135 1281 2216 Salapiaque

154 2231 182 2282 12
203 2224 369 2285 traderetur
384 2223 532 2285 blaroello.
569 2242 627 2285 nec
647 2224 714 2285 sine
729 2223 817 2285 mede
839 2223 930 2286 multa
952 2223 1027 2284 tradi
1047 2220 1153 2302 potuit.
1188 2221 1280 2302 longe

203 2309 355 2371 tortissimi
376 2309 510 2388 equiturn
533 2318 595 2369 toto
616 2309 731 2371 Punico
754 2308 885 2370 exercitu
908 2318 1002 2369 erant
1046 2307 1145 2386 itaque
1174 2323 1279 2384 quam·
1302 2317 1329 2370 aa

203 2413 292 2473 quam
321 2393 474 2474 inprouisa
503 2412 552 2456 res
579 2393 648 2466 luit,
679 2411 736 2456 neo
763 2412 835 2456 usus
863 2411 1009 2472 equorum
1038 2392 1068 2453 in
1100 2389 1175 2452 urbe
1204 2405 1279 2465 erat,
1356 2441 1357 2470 ,

203 2490 303 2541 tamen
325 2479 415 2541 armis
442 2479 521 2540 inter
540 2478 701 2541 tumultum
730 2479 823 2560 captis
851 2487 881 2539 et
902 2477 1090 2558 eruptionem
1112 2485 1279 2554 temptaue-
1356 2475 1357 2480 ’

153 2571 182 2622 ta
204 2573 276 2624 runt
297 2572 336 2637 et,
358 2582 427 2625 cum
442 2565 570 2626 euadere
585 2563 753 2643 nequirent,
777 2572 946 2644 pugnantes
966 2562 1004 2622 ad
1018 2561 1165 2623 ultumum
1188 2580 1280 2624 occu-

205 2649 349 2722 buerunt,
377 2666 434 2710 nec
454 2648 523 2729 plus
544 2649 759 2728 quinquaginta
781 2667 816 2710 ex
838 2648 874 2710 iis
896 2647 926 2709 in
950 2656 1124 2728 potestatem
1147 2647 1280 2710 bostium

153 2740 183 2791 tt
204 2733 266 2793 uiui
294 2743 454 2796 uenerunt
498 2733 625 2812 plusque
650 2734 801 2812 aliquanto
831 2733 932 2794 damni
960 2733 1033 2794 baec
1066 2730 1111 2794 ala
1145 2733 1279 2812 equitum
1301 2745 1331 2796 tu

204 2816 310 2879 amissa
325 2816 483 2879 Hannibali
505 2835 594 2898 quam
610 2817 725 2899 Salapia
748 2819 817 2895 luit;
841 2836 896 2880 nec
918 2817 1024 2880 deinde
1047 2835 1188 2896 umquam
1203 2817 1280 2880 Poe-

206 2921 271 2975 nus,
293 2920 354 2980 quo
376 2901 465 2982 louge
487 2902 658 2983 plurumum
680 2903 823 2978 ualumat,
845 2903 978 2982 equitatu
999 2901 1137 2983 superior
1158 2902 1225 2964 tuit.

154 2991 193 3048 89
290 2986 347 3047 Per
368 2987 446 3049 idem
468 2996 587 3068 tempus
608 3006 675 3049 cum
698 2989 729 3050 in
753 3007 821 3050 arce
842 2987 1003 3050 Tarentina
1025 2989 1075 3051 uix
1104 2987 1204 3068 inopia
1233 2998 1280 3049 to-

203 3069 334 3134 lerabilis
356 3083 442 3148 meet,
469 3091 553 3154 spem
575 3091 696 3136 omnem
718 3074 896 3154 praesidium
919 3074 999 3153 quod
1021 3072 1062 3134 ibi
1084 3081 1148 3133 erat
1168 3073 1279 3134 Roma·

272 3223 288 3275 3
307 3223 394 3276 clades
411 3223 520 3284 aratra,
545 3223 788 3276 orn.1³ealamites
809 3228 828 3288 ς
845 3223 964 3276 damnum
983 3221 1135 3283 Auctorem
1152 3223 1280 3290 pernicies
1354 3255 1355 3263 κ

207 3292 396 3344 Weissenborn
413 3293 496 3358 pestis
507 3290 615 3343 Harant
630 3291 725 3343 melum
744 3291 832 3343 Maur.
838 3291 969 3358 Mueller!
984 3294 998 3343 'l
1011 3291 1115 3343 nuntios
1127 3307 1163 3342 err
1174 3292 1280 3345 nuntius

203 3361 236 3412 P¹
249 3360 259 3426 Ι
270 3364 287 3414 B
298 3366 325 3412 et
337 3361 409 3413 Pest
420 3359 531 3424 manag
542 3360 552 3426 Ι
565 3363 597 3414 10
608 3358 722 3426 appellat
735 3357 861 3424 Mudangl
873 3362 903 3414 ll
914 3373 941 3412 re
953 3375 988 3410 ee
997 3373 1050 3412 rem
1059 3359 1090 3410 1²¹
1122 3361 1153 3412 15
1166 3359 1281 3426 appellet

204 3431 275 3482 coni.
294 3428 405 3494 Madvig
422 3429 480 3480 Bne
497 3427 557 3480 bio.
570 3427 622 3482 386
634 3427 645 3494 l
657 3428 788 3480 enimuero
806 3429 840 3480 Ρ
857 3427 1056 3481 enlmenimnero
1118 3427 1280 3490 insultem

209 3494 298 3563 etta
316 3497 399 3562 possit
416 3495 528 3561 Madvig
544 3503 634 3562 poscet
651 3496 739 3560 Palo
757 3495 791 3547 sit
813 3496 848 3548 ita
873 3495 954 3548 Gran.
979 3500 1049 3547 esset
1072 3495 1106 3546 ita
1125 3499 1145 3560 ς
1162 3495 1222 3548 sitia
1239 3498 1280 3562 1³¹,
1353 3519 1354 3557 3

204 3563 239 3614 sit
256 3563 355 3684 Ppll
376 3572 428 3616 tarn
451 3569 471 3630 ς
493 3568 590 3615 tamem
612 3564 739 3616 Ptemen
762 3571 814 3615 tam
839 3563 988 3631 Gremflld
1006 3563 1049 3630 qul
1087 3563 1139 3614 euti
1166 3579 1202 3616 en
1221 3563 1280 3617 Vol.

205 3630 279 3682 Mara.
309 3631 344 3694 ,B
361 3638 416 3686 aare
436 3631 600 3698 leugonaus,
618 3629 1003 3700 ornl’llsalspiaquael‘lll
1021 3646 1050 3683 oa
1085 3630 1206 3697 ePlbb
1220 3630 1280 3700 quil

205 3713 257 3765 qna
274 3699 364 3817 ¹2²⁹
380 3699 421 3751 bis
438 3701 526 3766 ΡΙθθ
543 3700 597 3752 uiui
615 3697 649 3751 Ρ
669 3700 696 3750 ni
714 3699 812 3765 P¹l³t
832 3702 909 3753 missa
929 3701 971 3768 Pl
984 3701 1016 3753 32
1035 3699 1128 3766 longae
1147 3700 1282 3768 Pipluri·

204 3781 274 3818 mum
