2734 4250
97 206 117 239 ι.
135 195 186 241 cnr.
200 196 239 238 noa
480 178 572 233 1.less
590 178 667 246 xxx,
688 180 727 235 to.
746 182 777 235 11
1105 178 1170 239 261

2 376 3 389 .
96 350 276 413 recusandas
286 350 478 413 condiciones
489 352 569 431 pacis
580 368 647 412 cum
660 351 855 425 censuissent,
878 352 1173 432 quippequimoram

96 436 240 516 temporis
255 447 442 514 quaererent,
457 436 527 498 dum
542 436 691 498 Hannibal
705 438 736 498 in
758 438 886 498 Atticam
903 438 1049 510 traiceret,
1063 439 1176 519 legatos
1197 449 1226 500 15

96 522 170 584 alios
179 521 221 583 ,ad
236 520 416 601 Scipionem,
440 531 472 582 ut
486 522 615 583 indutias
630 522 772 596 lacerent,
796 522 869 584 alios
883 522 1007 583 Romam
1021 524 1058 584 ad
1071 542 1175 605 pacem
1209 535 1214 543 “

96 605 257 687 petendam
279 606 414 679 mittunt,
445 607 581 669 ducentis
602 624 713 687 paucos
735 607 766 668 in
790 608 920 687 speeiem
942 609 1076 689 captiuos
1103 628 1173 689 per·

60 694 240 770 elugasque
262 701 292 753 et
314 691 464 770 fugitiuos,
486 710 547 770 quo
569 692 784 771 impetrabilior
804 709 861 772 pax
883 703 969 754 esset.

184 775 282 837 blultis
296 783 365 836 ante
380 776 484 837 diebus
497 776 612 839 Laelius
627 794 695 837 eum
708 778 842 858 Syphace
857 778 1097 857 primoribusque
1112 779 1174 841 Nu·
1187 784 1222 842 tt

97 861 242 923 midarum
258 860 383 941 captiuis
398 861 521 921 Romam
536 861 620 922 uenit
642 880 777 941 quaeque
799 862 830 922 in
852 862 949 923 Africa
972 873 1053 942 gesta
1075 874 1175 926 essent
1207 872 1211 877 '

97 947 196 1008 omnia
217 946 322 1007 ordine
345 947 481 1026 exposuit
502 946 645 1026 patribus,
668 948 785 1026 ingenti
806 947 960 1009 bominum
982 958 1013 1009 et
1033 949 1063 1009 in
1087 968 1174 1029 prae·

99 1030 292 1093 senslaetitia
307 1030 382 1093 etin
400 1032 532 1093 laturum
547 1050 609 1111 spe.
654 1032 783 1093 consulti
805 1032 874 1093 inde
896 1042 996 1112 patres
1018 1051 1118 1113 regem
1139 1035 1172 1096 in
1193 1044 1209 1095 1

45 1125 72 1177 te
97 1116 261 1179 custodiam
277 1115 380 1177 Albam
402 1116 578 1177 mittendum
600 1127 794 1190 censuerunt,
816 1116 948 1178 Laelium
969 1118 1170 1194 retinendum,

96 1203 194 1263 donee
205 1200 292 1281 legati
304 1200 559 1279 Carthaginienses
570 1201 718 1263 uenirent.
745 1202 920 1282 supplicatio
932 1202 963 1262 in
975 1203 1172 1281 quadriduum
1195 1214 1210 1264 t

97 1286 214 1348 cleonem
238 1294 291 1347 est.
335 1286 366 1346 P.
388 1286 488 1347 Aelius
509 1295 629 1365 praetor
650 1296 755 1348 senatu
776 1286 866 1349 misso
889 1297 919 1348 et
940 1288 1081 1349 contione
1103 1288 1173 1350 inde

98 1371 238 1433 aduocata
254 1388 322 1431 eum
340 1370 371 1432 G.
388 1370 486 1432 Laelio
503 1370 533 1432 io
557 1378 652 1431 rostra
675 1371 817 1433 escendit.
861 1371 903 1432 ibi
924 1390 998 1434 uero
1020 1372 1210 1437 audientest

99 1456 181 1517 lusos
196 1455 482 1535 Carthaginiensium
497 1456 655 1527 exercitus,
677 1455 827 1517 deuictum
850 1465 882 1516 et
902 1465 1020 1537 captum
1042 1458 1173 1537 ingentis

46 1550 74 1603 15
98 1541 228 1603 nominis
243 1558 352 1621 regem,
376 1540 543 1602 Numidiam
558 1558 677 1602 omnem
692 1541 809 1620 egregia
831 1540 955 1602 uictoria
978 1552 1172 1622 peragratam,

96 1627 218 1689 tacitum
232 1626 388 1687 continere
402 1626 539 1705 gaudium
557 1643 617 1687 non
640 1635 788 1706 poterant,
810 1626 882 1704 quin
907 1626 1084 1689 elamoribus
1107 1628 1210 1708 qui-o

97 1711 215 1790 busque
237 1710 300 1773 aliis
324 1710 479 1772 multitudo
501 1710 577 1773 solet
598 1710 739 1772 laetitiam
762 1710 940 1773 inmodicam
961 1712 1172 1792 significarent

96 1797 198 1875 itaque
213 1803 331 1875 praetor
353 1795 500 1875 extemplo
523 1794 620 1868 edixit,
642 1796 684 1857 uti
708 1795 816 1858 aeditui
838 1796 926 1860 aedes
947 1816 1046 1860 sacras
1067 1808 1209 1861 omnest

98 1890 161 1943 tota
182 1880 255 1942 urbe
277 1880 436 1959 aperirent,
460 1880 663 1942 circumeundi
687 1880 893 1960 salutandique
915 1882 987 1945 deos
1008 1885 1173 1964 agendique

43 1977 75 2028 te
97 1976 195 2047 grates
207 1984 261 2045 per
271 1974 365 2026 toturn
379 1966 455 2028 diem
468 1965 579 2046 populo
595 1975 727 2044 potestas
741 1968 835 2027 fleret.
865 1976 984 2046 postero
1000 1968 1047 2029 die
1062 1968 1174 2048 legatos
1195 1979 1211 2029 t

92 2051 268 2113 Masinissae
290 2051 321 2111 in
350 2060 486 2113 senatum
515 2050 689 2111 introduxit.
733 2051 869 2131 gratulati
897 2054 1027 2133 primum
1055 2054 1171 2115 senatui

2 2183 3 2204 2
97 2146 179 2208 sunt,
202 2136 280 2216 quod
303 2137 335 2196 P.
351 2137 453 2217 Scipio
474 2155 618 2216 prospere
641 2155 689 2198 res
711 2136 742 2197 in
766 2137 863 2197 xlriea
886 2138 1041 2215 gessisset;
1064 2140 1208 2200 deindess

2 2221 3 2224 ’
97 2223 207 2302 gratias
223 2230 358 2300 egerunt,
381 2221 461 2300 quod
477 2221 658 2284 Masinissam
675 2239 737 2283 non
760 2221 938 2301 appellasset
958 2222 1047 2282 modo
1070 2241 1171 2302 regem

97 2307 150 2370 sed
165 2307 282 2369 lecisset
297 2306 480 2368 restituendo
504 2308 533 2368 in
556 2316 715 2387 paternum
737 2323 873 2386 regnum,
897 2307 928 2368 in
952 2325 1011 2385 quo
1034 2317 1102 2386 post
1117 2309 1172 2388 Sy·

42 2403 72 2455 15
96 2393 220 2473 phaoern
243 2389 407 2465 sublatum,
437 2391 461 2453 si
484 2392 522 2453 ita
545 2391 678 2472 patribus
700 2391 797 2452 uisum
827 2400 919 2464 esset,
947 2392 1012 2452 sine
1040 2401 1121 2454 metu
1143 2402 1173 2453 et
1187 2435 1201 2447 ,,

97 2477 260 2539 certamine
276 2487 352 2538 esset
366 2486 553 2556 regnaturus,
577 2476 644 2537 dein
661 2475 870 2538 conlaudatum
884 2494 939 2556 pro
955 2476 1096 2538 contione
1110 2494 1172 2537 am·
1193 2486 1209 2538 9

97 2561 236 2642 plissimis
251 2562 419 2623 decorasset
433 2561 529 2632 donis,
552 2559 659 2640 quibus
675 2579 714 2622 ne
735 2560 876 2640 indignus
897 2569 983 2635 esset,
1006 2571 1036 2622 et
1057 2561 1172 2624 dedisse

98 2663 219 2728 operam
234 2646 417 2708 Masinissam
432 2654 462 2707 et
482 2665 572 2726 porro
594 2646 731 2706 daturum
752 2664 827 2707 esse.
870 2655 980 2725 petere,
1002 2655 1037 2707 nt
1058 2647 1172 2727 regium
1193 2655 1223 2707 tlt

98 2749 209 2794 nomen
225 2739 382 2810 ceteraque
397 2730 545 2811 Scipionis
560 2729 704 2792 beneficia
720 2739 751 2792 et
764 2748 889 2792 munera
908 2741 1030 2794 senatus
1051 2731 1171 2794 decreto

41 2827 73 2880 8]
96 2817 305 2891 confirmarem
328 2826 366 2890 et,
390 2816 446 2878 nisi
461 2816 617 2878 molestum
633 2826 720 2890 esset,
743 2816 815 2878 illud
830 2835 953 2897 quoque
967 2826 1069 2898 petere
1084 2817 1172 2880 blasi·
1193 2824 1223 2878 11

98 2903 225 2974 nissam,
254 2911 288 2963 ut
310 2901 449 2962 Numidas
471 2901 621 2982 captiuos,
649 2902 701 2980 qui
723 2901 833 2963 Romae
855 2901 885 2963 in
909 2903 1040 2965 custodia
1063 2912 1172 2978 essent,

97 2987 299 3048 remitterent:
323 2985 351 3048 id
367 2985 422 3048 sibi
438 2986 568 3066 amplum
582 2987 660 3066 apud
681 2987 841 3068 populares
863 2987 996 3050 luturum
1019 3008 1092 3052 esse.
1136 2989 1173 3051 ad
1195 2995 1224 3046 11

97 3091 131 3134 ea
147 3089 325 3150 responsum
340 3071 457 3150 legatis:
481 3089 582 3132 rerum
597 3081 746 3151 gestarum
761 3090 904 3151 prospere
919 3073 950 3134 in
970 3073 1067 3135 Africa
1089 3092 1173 3135 eom-

96 3173 218 3219 munem
231 3155 286 3218 sibi
299 3173 368 3216 curn
380 3175 449 3236 rege
464 3155 691 3236 gratulationem
706 3175 786 3232 esse3
803 3156 973 3236 Scipionem
988 3167 1068 3218 recte
1083 3166 1173 3235 atque

168 3311 179 3360 1
201 3304 358 3358 condicionis
376 3305 448 3373 Pll
465 3304 580 3357 docentis
599 3305 630 3356 Ρι
650 3305 774 3356 docentes
791 3304 863 3356 ΡΨ
880 3304 917 3368 18
936 3305 1020 3357 omnia
1038 3320 1089 3356 om.
1107 3304 1147 3354 2²
1163 3305 1174 3372 l

97 3379 130 3427 to
148 3372 307 3427 retinendum
325 3371 399 3423 1²2¹
416 3372 550 3440 retinldum
569 3373 600 3425 P¹
615 3372 626 3442 l
649 3374 679 3426 te
698 3388 719 3423 e.
737 3371 799 3423 lelio
817 3372 856 3421 Σ
872 3372 898 3424 .l.
917 3373 998 3425 eaelio
1015 3374 1058 3438 Pl
1072 3375 1103 3426 16
1121 3372 1173 3424 ela-

94 3443 212 3495 moribus
229 3459 264 3492 ere
282 3441 453 3493 clanmorlbus
466 3440 498 3492 P¹
510 3441 520 3508 ll
535 3445 564 3494 l'l
583 3441 658 3508 aliliis
670 3439 712 3508 Pl
728 3441 759 3492 18
774 3445 803 3492 nt
814 3437 875 3506 Pl
887 3439 966 3493 editui
978 3441 1003 3492 P
1016 3441 1101 3493 editus
1113 3438 1173 3507 2¹l

96 3511 146 3564 ede
163 3523 234 3563 saera
252 3507 293 3560 2²
305 3507 316 3578 l
327 3523 416 3561 omnes
428 3509 474 3573 Σ),
493 3525 542 3560 om.
555 3508 598 3576 Pl
612 3513 643 3577 19
661 3507 823 3576 saltandique
836 3508 941 3628 ffpll
962 3508 987 3560 in
1005 3513 1096 3560 senatu
1113 3523 1172 3627 pro-

96 3579 171 3632 duxit
187 3577 226 3628 θ
239 3579 294 3644 1111
312 3591 353 3630 res
389 3591 491 3644 roepere
509 3577 569 3644 ffll
583 3579 616 3629 11
633 3590 755 3646 sypacem
774 3577 798 3626 P
829 3578 861 3629 16
903 3575 977 3629 elude
995 3576 1117 3658 &leon
1128 3591 1172 3628 au·

96 3647 184 3700 datum
202 3647 225 3698 P
240 3645 309 3713 qnod
327 3592 457 3697 laniatum
470 3644 507 3695 Σ*
523 3650 549 3696 et
565 3649 596 3696 ut
607 3647 663 3696 utel.
675 3642 716 3694 2¹
727 3644 737 3710 l
750 3646 781 3696 11
819 3645 876 3696 onie
891 3643 984 3713 quibus
1002 3661 1034 3698 ne
1051 3645 1172 3712 indignus

96 3721 166 3768 esset
183 3720 211 3767 et
228 3713 330 3766 dedisse
348 3712 394 3778 Σ),
412 3727 463 3765 one.
481 3713 523 3780 Pl
536 3714 568 3766 18
586 3727 644 3765 esse
657 3714 679 3763 P
694 3718 721 3764 et
733 3711 772 3763 Σ’
783 3713 793 3781 l
806 3715 838 3764 19
857 3717 993 3780 ceteraque
1005 3715 1029 3765 P
1043 3717 1069 3766 et
1087 3717 1170 3766 cetera

96 3783 274 3848 ffllsenatos
291 3781 331 3842 1²¹,
350 3795 419 3833 corr.
437 3779 537 3849 Plan
556 3787 582 3833 et
600 3781 639 3831 2²
656 3787 683 3832 et
701 3779 734 3831 ad
751 3781 917 3848 quooque
934 3782 1022 3850 Pqno
1040 3780 1171 3850 estquod

94 3851 135 3903 Σ)
147 3851 157 3919 l
169 3855 269 3919 peteret
286 3848 345 3917 §Pl
359 3850 392 3902 et
409 3846 477 3916 apud
495 3849 563 3900 Pad
581 3849 640 3918 ΣἿΙ
654 3851 688 3900 34
705 3848 763 3915 adq.
780 3851 804 3900 P
