2734 4250
211 138 275 198 254
607 139 701 193 LIBER
719 140 797 204 XXX,
817 145 857 196 11.
877 145 908 197 11
1145 170 1166 205 a.
1178 170 1199 204 u.
1211 158 1269 202 esu

209 314 273 375 tino
297 331 351 393 per
372 324 486 375 turmas
508 331 575 375 suas
601 312 680 373 uiam
710 312 808 375 dantis
834 313 1003 375 intercursu
1031 313 1166 376 stabilem
1193 315 1272 376 aciem

209 398 279 460 fecit
290 398 508 478 absterruitque
523 398 616 460 effuse
632 398 824 459 inuehentem
838 416 904 460 sese
918 399 1044 470 bostem,
1059 399 1156 479 primo
1170 399 1271 461 barben

157 492 186 543 10
207 483 328 563 segnius
350 483 524 564 permittere
545 501 655 563 equos,
684 482 754 543 dein
776 492 855 545 stare
877 502 912 545 ac
934 492 1054 564 torpere
1075 484 1185 547 turbati
1205 503 1274 546 nouo

208 586 318 647 genere
339 585 475 648 pugnae,
504 578 655 648 postremo
686 586 748 629 non
776 568 868 647 pediti
897 568 993 631 solum
1024 570 1147 643 cedere,
1176 570 1224 632 sed
1242 588 1274 629 ne

157 660 183 711 11
206 652 335 731 equitem
348 653 466 732 quidem
481 654 629 715 sustinere
644 652 752 732 peditis
766 653 913 731 praesidio
928 654 1096 717 audentem.
1126 654 1184 715 iam
1202 655 1275 734 siqua
1291 667 1304 717 t

207 755 326 817 quoque
347 738 498 836 legionum
520 737 809 819 adpropinquabant
852 747 915 800 tum
938 757 1011 800 uero
1036 738 1202 801 Masaesulii
1221 758 1275 800 non

207 824 294 885 modo
317 824 447 902 primum
468 823 611 902 impeturn
632 822 684 883 sed
708 840 747 883 ne
768 832 962 903 conspectum
983 823 1104 919 quidem
1132 823 1276 903 signorum

205 916 293 987 atque
309 926 459 970 armorum
474 908 622 970 tulerunt·
645 914 761 968 tantum
776 926 830 969 seu
844 908 987 970 memoria
1003 908 1138 987 priorum
1160 909 1276 971 cladium

155 998 191 1053 11
206 1011 259 1055 sen
275 1012 416 1091 praesens
430 1002 529 1055 terror
543 992 646 1054 ualuit.
690 991 731 1053 ibi
754 992 881 1073 Syphax
904 994 973 1055 dum
989 992 1143 1071 obequitat
1156 993 1276 1056 boatium

205 1080 325 1153 turmis,
348 1079 372 1140 si
393 1079 524 1158 pudore,
546 1078 570 1139 si
593 1076 727 1173 periculo
749 1096 804 1139 suo
827 1079 927 1157 lugam
949 1078 1054 1140 sistere
1075 1087 1187 1157 posset,
1208 1090 1314 1157 equott

167 1174 182 1223 1
204 1164 335 1243 grauiter
349 1164 408 1225 icto
423 1164 535 1225 ellusus
550 1161 730 1243 opprimitur
743 1162 919 1242 capiturque
933 1170 964 1223 et
978 1162 1076 1235 uiuus,
1091 1162 1203 1225 betum
1216 1172 1276 1224 aute

205 1250 302 1311 omnis
331 1248 501 1311 Masinissae
530 1246 720 1326 praebiturus
748 1248 967 1327 spectaculum,
995 1248 1032 1309 ad
1053 1246 1190 1310 Laelium
1216 1267 1275 1329 per·

166 1345 181 1395 ι
202 1334 338 1397 trahitur.
382 1333 462 1395 Cirta
476 1340 567 1412 caput
582 1331 667 1411 regni
684 1331 828 1411 Syphacis
848 1341 919 1405 erat.
942 1349 1039 1411 eoque
1053 1350 1087 1393 se
1107 1332 1218 1413 ingens
1237 1333 1276 1394 uis

166 1430 182 1481 4
202 1419 358 1480 hominum
373 1436 408 1479 ex
423 1420 492 1516 luga
507 1416 685 1479 contulerat.
729 1416 859 1478 caedes'
852 1436 883 1477 ιιι
898 1436 935 1478 eo
949 1416 1064 1496 proelio
1081 1417 1183 1479 minor
1197 1435 1276 1498 quan

165 1503 329 1566 uictoria
345 1504 408 1575 fnit,
433 1504 500 1583 quia
517 1501 648 1581 equestri
664 1501 872 1563 tautummodo
887 1502 1001 1581 proelio
1016 1510 1164 1563 certatum
1179 1504 1275 1565 inerat
1292 1511 1313 1561 tt

165 1598 181 1648 t
204 1607 265 1649 non
281 1589 349 1669 plus
365 1588 499 1668 quinque
514 1586 593 1648 milia
616 1586 722 1659 occisa,
745 1588 845 1648 minus
866 1586 1020 1648 dimidium
1042 1587 1106 1648 eius
1127 1588 1276 1650 bominum

204 1682 321 1754 captum
344 1680 389 1734 est
410 1674 522 1753 impetu
544 1672 575 1732 in
599 1671 811 1744 castrassem,
838 1688 897 1750 quo
920 1672 1056 1751 perculsa
1077 1690 1150 1751 rege
1179 1674 1277 1735 amisso

203 1758 359 1819 multitudo
381 1776 413 1820 se
434 1757 611 1820 contulerat.

165 1852 180 1902 o
290 1841 439 1904 Masinissa
460 1841 517 1903 sibi
531 1841 652 1920 quidem
666 1839 765 1901 dicere
786 1839 862 1901 nibil
886 1859 951 1903 esse
973 1840 1004 1901 in
1027 1842 1197 1919 praeseutia
1219 1841 1277 1921 pul

201 1927 302 1989 ebrius
311 1944 400 2007 quam
411 1927 556 1989 uictorem
572 1934 780 2005 recuperatum
797 1932 880 1987 tanto
895 1935 965 2005 post
978 1925 1135 1987 intercedo
1151 1928 1276 2007 patrium
1294 1934 1314 1984 a

201 2013 332 2075 inuisere
354 2029 497 2092 regnum3
519 2012 570 2073 sed
592 2019 651 2071 tam
674 2010 815 2072 secundis
837 2028 927 2089 quarn
949 2010 1082 2072 aduersis
1103 2010 1197 2075 rebus
1220 2031 1277 2074 non

164 2098 262 2160 tdari
277 2098 405 2179 spatium
421 2097 457 2159 ad
471 2096 657 2159 cessandum.
693 2096 719 2158 si
733 2114 766 2158 se
781 2094 898 2158 Laelius
919 2113 987 2158 eum
1002 2096 1135 2175 equitatu
1164 2098 1278 2161 uincto
1348 2089 1349 2114 ³

201 2203 259 2264 que
282 2183 414 2265 Syphace
437 2182 545 2244 Cirtam
568 2181 746 2262 praecedere
768 2181 861 2256 sinat,
883 2181 999 2261 trepida
1021 2181 1121 2244 omnia
1143 2193 1228 2245 ruem
1249 2201 1278 2244 se

201 2286 430 2351 oppressurum;
460 2267 593 2328 Laelium
616 2283 684 2328 cum
707 2265 856 2345 peditibus
877 2265 1021 2346 subsequi
1042 2266 1168 2330 modicis
1194 2268 1277 2330 itine-

162 2363 176 2414 a
198 2355 281 2418 ribus
300 2373 397 2434 posse.
434 2352 619 2414 adsentiente
633 2350 733 2412 Laelio
757 2369 947 2430 praegressus
968 2350 1079 2412 Cirtam
1100 2354 1224 2415 euocari
1242 2352 1276 2413 ad
1293 2359 1317 2411 b

199 2440 391 2520 conloquium
407 2437 558 2518 principes
578 2435 758 2498 Cirtensium
778 2435 872 2498 iubet.
908 2435 959 2498 sed
974 2437 1074 2516 apud
1066 2453 1190 2514 ignaros
1203 2439 1278 2518 regis

198 2543 284 2587 casus
300 2541 366 2596 nec,
389 2541 465 2602 quae
479 2531 544 2583 acta
559 2530 668 2594 essent,
690 2521 858 2600 promendo
874 2539 931 2582 nec
945 2521 1034 2583 minis
1048 2539 1106 2583 nec
1125 2522 1276 2586 suadendo

268 2663 279 2710 1
301 2673 361 2710 suas
373 2656 413 2707 Σ·Ι
429 2670 500 2708 sunm
514 2655 538 2705 P
552 2655 605 2706 suis
617 2655 657 2722 ς)
671 2656 687 2705 1
699 2669 757 2706 sese
769 2656 808 2704 >3²
821 2669 878 2707 esse
888 2654 930 2721 ΡΙ
943 2657 958 2707 3
972 2659 1074 2721 torpere
1092 2655 1181 2720 (quad
1191 2659 1277 2707 umen

196 2742 251 2778 ιιοιι
263 2741 359 2776 uerum
369 2729 448 2790 pute)
466 2723 561 2775 turbati
573 2723 619 2774 uel
629 2723 772 2788 perturbari
792 2725 862 2775 coni.
879 2721 1066 2774 Weissenborn
1077 2723 1118 2773 ed
1130 2721 1151 2773 2
1164 2722 1275 2775 Weidn.

197 2807 278 2860 prope
302 2791 443 2859 perturbari
466 2791 536 2842 a'dem
556 2791 597 2842 ad.
614 2791 701 2843 30
655 2805 684 2869 pr
720 2805 763 2842 ere
787 2790 882 2849 turbati
904 2789 965 2842 1³2¹
988 2804 1097 2856 propere
1120 2790 1220 2844 turbari
1235 2792 1279 2841 uel

196 2875 243 2980 pro
263 2875 277 2912 e
295 2859 423 2923 turbaris·
440 2857 567 2925 trepidare
586 2857 681 2910 turbati
685 2805 766 2909 (Mum
784 2858 931 2925 prospicere
945 2861 1067 2924 tpota'ass
1078 2873 1160 2924 quam
1172 2865 1275 2927 stupere

197 2928 338 2994 torplra
354 2942 418 2979 αιιιι.
403 2862 500 2992 §plait
519 2926 568 2979 107
590 2924 682 2990 (1873)
701 2926 753 2978 339
764 2942 802 2992 sq
824 2941 905 2994 prope
923 2931 1025 2993 torpere
1042 2932 1061 2977 t.
1080 2925 1178 2977 Novak
1244 2941 1275 2994 pe

196 2969 299 3063 slnpere
319 3001 336 3047 l.
354 2993 443 3048 Maur.
462 2994 575 3046 Mueller·
599 3009 679 3062 prope
696 3000 765 3046 retro
783 2996 821 3046 ire
839 2998 857 3045 t
875 2993 986 3060 Madvig
1003 3007 1120 3060 pugnare
1142 2999 1162 3047 t.
1179 2943 1275 3045 lma»

195 3066 292 3116 tactu·
309 3063 378 3116 rost
396 3061 559 3115 llundsetau
577 3062 658 3124 1883,
676 3062 757 3129 394)
776 3066 793 3114 4
810 3076 896 3128 pugne
918 3076 1011 3128 genem
1029 3061 1069 3112 Σ·Ι
1081 3060 1119 3130 18
1136 3063 1273 3115 rnasaesnli

194 3132 306 3202 ΡΣ’)8
324 3131 405 3185 tulere
423 3130 542 3212 Pleas
561 3130 601 3181 Σ·Ι
617 3145 649 3183 eu
667 3129 709 3196 Ρ)
722 3128 850 3181 claudium
869 3130 910 3194 Ρ)
927 3145 997 3182 corr.
1014 3130 1098 3196 ΡΙ)
1111 3129 1276 3182 unumst

194 3218 264 3256 error
281 3199 338 3270 ΡΙ)
358 3199 509 3267 obaeqnitnt
527 3198 573 3265 ΡΙ)
591 3201 621 3252 11
641 3198 713 3250 nisus
731 3197 773 3266 ΡΙ
789 3199 820 3250 11
837 3197 991 3265 pertrahitur
1007 3197 1033 3247 P
1050 3197 1193 3250 adtrahitur
1210 3198 1274 3262 ΣἸ

125 3313 126 3318 .
196 3274 226 3326 13
245 3271 311 3323 circs
330 3268 431 3348 Pllse
432 3267 477 3332 ΣΡ,
496 3283 547 3322 om.
566 3265 613 3334 Ρ)
632 3266 672 3318 uis
690 3265 821 3318 bominum
839 3280 871 3318 ex
888 3265 948 3332 lugu
967 3265 1111 3318 contulerat
1126 3265 1165 3315 Σ*ι
1189 3265 1273 3317 borni·

194 3355 253 3392 num
273 3337 381 3391 contulit
407 3335 447 3388 uis
465 3334 514 3403 ΡΙ)
532 3333 720 3399 Madvissttssf·
743 3334 802 3385 nm.
824 3333 883 3385 dtu
901 3333 952 3386 418
969 3349 1008 3400 aq.
1030 3337 1057 3384 at
1071 3331 1161 3400 praes.
1184 3333 1274 3398 012)

192 3409 275 3459 ιιιιῠα
296 3409 327 3461 13
346 3405 407 3457 cirta
430 3419 478 3470 usq
480 3419 513 3455 ιιι
531 3402 568 3454 ud
587 3406 618 3456 14
643 3402 787 3454 contulerat
803 3406 868 3452 arata
891 3404 923 3454 rs
941 3401 1076 3453 masinissa
1102 3405 1273 3467 umnam

193 3475 375 3526 Luterbacher
392 3473 460 3524 Post.
463 3421 640 3522 qlluudrclau
652 3469 728 3535 1883,
741 3470 794 3522 394
810 3468 882 3521 nitri
898 3474 975 3521 ιιιιιι
972 3470 1137 3536 ponendum,
1153 3470 1203 3520 esd
1212 3467 1272 3531 Ιοι·

194 3551 262 3594 turra
280 3541 388 3594 contulit
403 3537 613 3607 preterendum
630 3537 790 3604 ιιιιιίιιιιιιι)
805 3539 835 3591 15
854 3537 964 3590 uictoria
980 3553 1035 3592 rar.
1048 3555 1085 3588 aar
1101 3538 1214 3590 uictorta
1227 3539 1273 3618 Ρ)

195 3613 225 3665 16
244 3610 322 3662 millia
326 3608 378 3690 Ρ)
393 3611 423 3663 17
442 3609 517 3660 esti)
532 3613 572 3660 est
584 3612 610 3658 et
622 3605 661 3657 ΣΡ
674 3606 684 3673 Ι
696 3608 729 3659 10
740 3607 959 3672 recuperstnmP
971 3621 1023 3658 orn.
1036 3605 1095 3671 ΣἾ
1107 3605 1241 3670 patrium
1233 3621 1271 3656 ru·

192 3679 276 3732 uisere
288 3676 331 3728 ΡΙ
326 3677 436 3728 inuisere
454 3681 584 3756 receptum
596 3675 707 3742 patrium
719 3673 756 3724 Σι
768 3673 779 3740 )
792 3676 823 3727 11
838 3678 890 3726 taur
906 3672 1026 3726 secundis
1042 3690 1078 3724 aa
1090 3673 1270 3725 tameneundis

192 3746 223 3797 Ρι
236 3747 245 3810 )
259 3747 292 3796 11
310 3743 363 3794 dari
376 3743 416 3792 ΣΡ
432 3759 465 3795 au
477 3743 518 3812 ΡΙ)
532 3744 671 3810 uinctoque
686 3741 767 3793 Gran.
785 3742 906 3808 uictuque
910 3741 1071 3822 Pdietoque
1081 3740 1127 3792 uel
1137 3739 1269 3808 ductuque

192 3813 230 3862 ΣΡ
242 3814 251 3878 )
266 3813 298 3863 13
316 3814 386 3860 motu
405 3810 462 3877 ΣΡ)
477 3811 510 3862 14
527 3809 674 3876 paeditibns
692 3808 734 3876 Ρ)
748 3811 780 3862 13
798 3809 919 3862 eonocari
936 3810 978 3878 Ρ)
991 3811 1024 3863 16
1040 3824 1095 3875 reqr
1112 3809 1136 3860 P
