2734 4250
196 130 257 189 126
590 131 684 184 LIBER
702 131 777 195 xxti,
796 135 837 186 60.
850 135 882 187 61
1143 161 1165 195 a.
1176 162 1198 193 u.
1210 162 1230 195 c.
1241 154 1279 197 588

96 360 98 362 ,
193 306 291 384 tisque
307 304 382 365 ianne
397 303 512 366 uiribus
526 322 607 365 arma
624 304 681 365 iam
697 304 845 367 sustinere
861 305 1032 384 nequirent,
1053 307 1280 371 necessitatibus

141 401 171 452 14
192 391 286 469 magis
301 389 437 451 humanis
452 408 541 467 quarn
552 389 642 451 armis
654 388 725 451 uicti
737 399 817 451 sunt.
848 398 913 451 orto
929 390 990 451 soie
1006 390 1100 452 bostis
1114 392 1154 452 ad
1167 392 1278 454 uallum

193 475 333 550 accessit;
362 482 431 535 ante
458 475 618 536 secundam
640 476 760 547 horam,
790 475 901 536 nuliam
929 476 1080 537 fortunam
1108 478 1279 540 certaminis

141 571 172 622 25
193 560 317 640 experti,
339 559 526 622 tradiderunt
540 578 620 620 arma
641 578 676 620 ac
696 578 728 621 se
750 560 839 639 ipsos.
876 559 950 621 baec
973 560 1059 623 uobis
1080 560 1209 624 istorum
1224 581 1278 642 per

194 646 317 707 biduum
340 644 442 706 militia
464 644 528 705 suit
572 662 640 705 cuni
662 645 693 705 in
725 644 787 705 acie
809 654 887 707 stare
912 664 946 705 ao
970 663 1105 724 pugnare
1128 646 1309 721 deonerati

194 732 224 792 in
248 739 345 792 castra
366 730 556 808 refugerunt3
585 746 653 791 cum
676 747 732 809 pro
754 729 832 791 uallo
855 730 1050 809 pugnandum
1073 742 1153 804 erat,
1182 742 1277 794 castra

142 824 171 875 att
192 815 387 887 tradiderunt,
411 833 509 893 neque
529 813 560 874 in
576 815 640 875 acie
656 831 756 893 neque
770 814 801 875 in
822 816 926 877 castris
940 816 1037 877 utiles.
1075 825 1106 877 et
1128 833 1184 879 nos
1199 818 1278 879 redi-

194 897 332 962 mamus?
348 917 415 960 cum
432 916 590 978 erumpere
601 916 619 959 e
629 900 734 961 castris
746 908 872 979 oportet,
888 901 1070 962 cunctamini
1084 918 1119 962 ac
1131 904 1276 973 manetis;

193 1003 261 1047 cum
285 1002 406 1046 manere
435 994 465 1045 et
485 993 580 1046 castra
608 986 698 1045 tutari
727 985 816 1047 armis
839 1004 961 1047 necesse
987 994 1047 1059 est,
1077 993 1107 1047 et
1129 996 1226 1049 casua
1248 998 1277 1049 et

142 1079 172 1131 21
192 1089 273 1132 arma
288 1080 320 1131 et
340 1088 395 1131 uos
416 1070 497 1149 ipsos
518 1069 631 1130 traditis
645 1068 735 1131 hosti.
773 1088 829 1149 ego
845 1088 907 1131 non
922 1070 1015 1151 magis
1029 1070 1102 1133 istos
1125 1071 1276 1135 redimen-
1297 1084 1320 1133 11
1351 1078 1352 1151 t

194 1156 257 1228 dos,
280 1163 379 1235 patres
401 1153 572 1233 conscripti,
587 1172 714 1229 censeo,
737 1172 826 1233 quam
849 1154 914 1217 iilos
936 1156 1086 1218 dedendos
1106 1155 1274 1229 Hannibah
1351 1166 1352 1261 q

193 1242 244 1320 qui
264 1258 320 1322 per
342 1239 454 1301 medios
476 1238 601 1301 bostise
622 1240 726 1301 castris
748 1248 913 1320 eruperunt
934 1258 968 1302 ac
982 1259 1037 1321 per
1051 1257 1199 1304 summam
1214 1243 1275 1304 uir-

191 1336 286 1388 tutem
308 1344 341 1388 se
363 1326 473 1405 patriae
495 1316 707 1386 restituerunt.³

140 1416 175 1471 ol
279 1411 439 1490 Postquam
454 1409 580 1470 Manbus
595 1409 677 1479 dixit,
696 1427 873 1489 quamquam
889 1419 1005 1490 patrum
1022 1428 1143 1490 quoque
1158 1412 1273 1491 pleros·

193 1515 252 1576 que
274 1496 383 1575 captiui
406 1495 584 1573 cognatione
604 1494 799 1574 attingebant,
821 1505 941 1575 praeter
956 1496 1122 1575 exemplum
1146 1497 1275 1559 ciuitatis
1296 1504 1320 1554 io
1351 1504 1352 1513 ¹

192 1582 314 1643 minime
336 1582 367 1641 in
390 1580 524 1659 captiuos
545 1578 604 1639 iam
624 1579 694 1640 inde
718 1580 881 1659 antiquitus
903 1580 1101 1660 indulgentis,
1127 1582 1274 1661 pecuniae

154 1677 168 1727 2
192 1685 313 1747 quoque
334 1682 448 1727 summa
475 1663 612 1725 homines
632 1665 743 1738 mouit,
772 1665 841 1743 quia
864 1683 921 1726 nec
942 1667 1088 1728 aerarium
1111 1666 1273 1741 exhauriri,
1351 1706 1352 1709 =

191 1768 299 1831 magna
320 1750 379 1811 iam
400 1766 514 1811 summa
529 1760 647 1828 erogata
670 1750 701 1811 in
724 1768 828 1811 seruos
845 1749 882 1811 ad
904 1751 1035 1813 militiam
1059 1752 1204 1813 emendos
1225 1770 1273 1813 ar·
1351 1754 1352 1757 ’

191 1835 386 1913 mundosque,
409 1852 464 1895 uec
480 1833 677 1895 Hannibalem
692 1836 819 1895 maxime
837 1834 960 1897 huiusce
982 1836 1034 1909 rei,
1057 1843 1091 1896 ut
1106 1836 1184 1898 ianm
1200 1846 1272 1909 erat,

154 1930 329 1999 tegentem
351 1919 525 1998 locupletari
547 1918 698 1980 uolebant.
735 1937 804 1981 cum
825 1920 909 1982 triste
932 1938 1119 2000 responsum,
1145 1940 1208 1983 non
1227 1940 1271 1985 re-
1292 1930 1320 1981 21
1351 1974 1352 2013 ἢ

192 2005 262 2066 dimi
285 2003 428 2084 captiuos,
451 2004 597 2066 redditum
620 2012 707 2077 esset,
731 2022 888 2083 nouusque
910 2023 1001 2085 super
1022 2013 1156 2067 ueterem
1175 2007 1271 2069 luctus

192 2099 236 2152 tot
256 2091 369 2152 iactura
390 2090 500 2152 ciuium
523 2089 655 2152 adiectus
676 2098 763 2163 esset,
790 2107 857 2152 cum
881 2090 995 2169 magnis
1018 2090 1136 2154 fletibus
1159 2093 1269 2173 questi·

153 2187 169 2237 4
190 2175 306 2256 busque
327 2176 439 2254 legatos
460 2177 496 2237 ad
512 2184 629 2255 portam
652 2175 805 2255 prosecuti
820 2184 899 2236 sunt.
937 2194 1016 2237 nnus
1033 2194 1068 2237 ex
1092 2177 1127 2238 iis
1150 2178 1268 2240 domum

189 2260 272 2335 abiit,
294 2262 374 2340 quod
396 2261 490 2323 ialiaci
510 2260 608 2322 reditu
629 2261 660 2321 in
678 2271 774 2324 castra
795 2260 860 2321 iure
883 2260 1008 2322 iurando
1030 2279 1063 2322 se
1085 2263 1268 2326 excoluisset.

190 2348 270 2426 quod
293 2346 343 2407 uhi
365 2345 497 2408 innotuit
517 2346 704 2424 relatumque
725 2345 761 2406 ad
782 2354 917 2407 senatum
939 2355 992 2418 est,
1016 2364 1120 2408 omnes
1144 2365 1269 2410 censue·
1288 2354 1317 2404 et

189 2442 261 2493 runt
275 2430 581 2510 conprehendendum
604 2439 635 2492 et
649 2430 821 2492 custodibus
835 2428 955 2509 publice
972 2430 1047 2492 datis
1061 2431 1267 2495 deducendum

188 2518 225 2578 ad
248 2515 444 2578 Hannibalem
467 2534 541 2577 esse.

151 2611 166 2660 o
274 2601 327 2662 Est
348 2600 454 2662 etalio
482 2601 519 2660 de
541 2600 667 2679 captiuis
694 2601 785 2661 sama:
815 2600 917 2661 decem
940 2599 1037 2679 primo
1066 2603 1205 2678 uenisse;
1233 2603 1267 2662 de

189 2687 232 2747 eis
260 2703 328 2747 cum
355 2683 520 2746 dubitatum
549 2684 579 2745 iu
607 2694 712 2746 senatu
735 2693 830 2759 esset,
860 2683 1087 2747 admitterentur
1107 2686 1139 2747 in
1162 2685 1266 2748 urbem

151 2780 166 2830 d
188 2788 294 2842 necne,
317 2770 356 2831 ita
371 2769 514 2831 admissos
527 2789 602 2844 esse,
625 2788 664 2831 ne
678 2778 777 2832 tamen
795 2769 831 2830 iis
846 2778 966 2832 senatus
988 2769 1123 2846 daretur;
1147 2789 1267 2834 moran-
1286 2777 1314 2827 at
1351 2781 1352 2866 q

274 2986 378 3039 ihorto
390 2983 434 3053 ΡΙ
445 2985 527 3039 hostis
544 2985 578 3038 ad
596 2987 693 3040 nullum
710 2986 821 3040 accessit
836 2988 882 3038 usi
898 2987 931 3038 ab
950 2987 1068 3039 hostibus
1086 2986 1118 3038 ad
1137 3003 1161 3039 n.
1181 3003 1267 3041 acces-

188 3069 245 3107 nm
262 3058 282 3119 ς
316 3055 349 3105 ab
373 3054 491 3106 hostibus
513 3053 546 3106 ad
569 3055 667 3107 uallum
691 3056 841 3107 accessiiP
861 3054 871 3122 ΙΙ
891 3058 906 3108 3
925 3060 985 3107 ante
1009 3055 1119 3107 secunda
1139 3055 1203 3107 hora
1220 3057 1270 3122 ΡΙ
1351 3069 1352 3120 t

187 3125 205 3175 4
221 3123 328 3175 istomm
343 3122 486 3175 Waa'ssenb.
513 3123 628 3190 ipsorum
640 3122 682 3190 ΡΙ
696 3127 711 3176 5
729 3123 755 3174 in
768 3125 788 3187 ς
799 3123 915 3174 Froben.
929 3124 1004 3188 1531,
1022 3137 1073 3174 om.
1085 3122 1128 3189 ΡΙΙ
1140 3125 1212 3176 aciae
1224 3124 1267 3192 ΡΙ

187 3190 309 3244 decuerat
325 3196 344 3255 ς
367 3189 483 3242 decuerit
500 3193 524 3241 P
547 3190 633 3243 decuit
651 3194 721 3244 coni.
743 3189 911 3257 Weissenbfl
932 3191 947 3242 6
965 3191 991 3241 in
1008 3193 1107 3256 ses-ipss·
1123 3191 1185 3243 Est.
1204 3191 1265 3243 Lim
1351 3199 1352 3254 ζ

187 3259 228 3311 17
255 3273 314 3311 cnm
331 3261 358 3311 in
377 3260 446 3326 ΡΙΙΊ
464 3265 491 3311 et
509 3273 556 3310 nos
567 3257 723 3318 Alschefski
747 3273 795 3310 nos
813 3262 832 3323 ς
859 3272 924 3326 quos
942 3257 984 3326 ΡΙ
997 3257 1151 3311 redimamus
1168 3263 1268 3326 scripsi
1351 3263 1352 3312 i

186 3327 246 3379 Em.
262 3328 323 3380 Βία.
342 3327 431 3392 17xq.
458 3326 555 3379 redimi
573 3326 597 3378 P
612 3325 649 3393 itt
667 3341 682 3378 e
701 3326 827 3390 ostrisg
854 3325 1028 3394 castrisi’iiti
1046 3340 1150 3380 manere
1168 3328 1197 3393 P,
1214 3327 1266 3380 ast
1351 3317 1352 3378 i

187 3396 369 3447 mebacber
382 3394 392 3462 Ι
403 3399 431 3447 et
447 3395 494 3446 acsi
509 3409 540 3446 ac
558 3395 620 3445 add
638 3397 665 3459 ς,
687 3409 738 3446 om.
751 3394 775 3444 P
788 3401 815 3444 at
832 3393 1014 3446 Luterbacher
1035 3409 1094 3446 enin
1112 3395 1176 3447 add,
1196 3399 1266 3448 cont
1351 3449 1352 3462 q

188 3463 329 3526 Woelfflin
340 3463 351 3530 Ι
364 3466 447 3516 tutare
460 3461 502 3529 Pp
517 3465 548 3515 12
563 3468 729 3530 erumperunt
739 3461 781 3527 Pi
796 3465 828 3515 14
845 3461 964 3514 manilius
977 3462 1019 3530 ΡΙΙ
1034 3464 1065 3514 15
1083 3463 1265 3528 cognationem
1351 3497 1352 3520 ;

185 3531 227 3592 Ρ“,
246 3547 316 3582 corr.
334 3529 396 3598 ΡἸ
416 3535 447 3583 17
466 3530 525 3597 qnia
544 3534 564 3595 ς
590 3545 666 3597 qunnr
684 3528 732 3593 ΡΙΙ
750 3529 877 3582 exhauriri
897 3531 923 3583 G.
936 3530 1055 3582 Heraeus
1084 3532 1242 3584 exaurire?
1351 3543 1352 3546 ’

187 3601 219 3650 18
237 3612 329 3662 magna
347 3597 382 3648 1²²
412 3611 531 3662 magnam
548 3598 581 3650 Ρι
600 3603 610 3662 t
627 3599 832 3665 armandosqune
849 3598 896 3666 ΡΙΙ
914 3600 946 3652 20
966 3599 1032 3651 tristi
1050 3598 1090 3660 1²¹,
1115 3613 1187 3652 corr.
1204 3599 1240 3651 P'

186 3667 220 3717 22
238 3664 359 3744 questibn
409 3678 424 3716 e
442 3670 462 3729 ς
493 3665 643 3730 quaestibus
667 3667 691 3716 Ρ
705 3665 715 3732 ΙΙ
734 3668 766 3718 23
784 3665 833 3718 biis
851 3667 899 3734 ΡΙΙ
919 3668 952 3719 21
969 3666 1129 3719 excoluisset
1146 3668 1179 3719 ΡΙ
1205 3667 1264 3719 exui
1351 3709 1352 3714 ,

185 3731 313 3784 noinroset
330 3730 365 3782 ΡΞ
408 3733 441 3784 28
460 3732 541 3797 primo
562 3732 703 3794 Woelfflin
735 3733 830 3799 primos
848 3735 872 3784 Ρ
902 3735 984 3802 primo
1008 3735 1110 3801 legatos
1133 3737 1264 3800 renidet

187 3802 221 3851 30
238 3812 286 3851 nec
304 3803 389 3850 tamen
406 3798 483 3866 Piis
501 3800 533 3848 P¹
559 3798 599 3850 his
617 3801 651 3851 1³²
