2734 4250
203 121 263 180 180
585 119 679 173 urens
696 120 782 188 xxm,
798 124 840 175 se.
852 125 885 175 cr
1145 140 1274 182 „um

148 307 178 377 '13
199 295 292 375 gloria
315 293 444 373 equestri
467 300 615 372 aequaret.
653 293 679 354 is
702 302 774 354 tuuc
789 293 913 367 Taurea,
936 312 1004 354 cum
1023 295 1073 355 diu
1095 294 1276 375 perlustrans

202 380 296 442 oculis
318 378 518 458 obequitasset
538 378 667 439 hostium
689 379 809 452 turmis,
835 381 954 440 tandem
976 379 1094 441 silentio
1116 381 1204 452 lacto,
1225 381 1275 442 ubi

151 476 180 527 tt
201 473 279 526 esset
301 464 438 525 Claudius
456 463 579 536 Asellus,
603 463 750 542 quaesiuit
771 472 808 534 et,
831 464 973 542 quonism
994 463 1097 525 uerbis
1117 483 1218 526 seeum
1240 466 1275 525 de

202 551 313 611 uirtute
335 549 485 628 ambigere
506 548 609 610 solitus
624 556 711 621 esset,
734 567 788 608 cur
803 567 864 609 non
888 549 968 609 lerro
984 548 1160 612 decerneret
1180 550 1274 610 daret·

153 639 186 696 tt
203 653 260 714 que
283 634 380 713 opima
402 633 495 712 spolia
518 632 616 694 uictus
642 641 694 694 aut
715 633 811 694 uictor
833 642 962 713 caperet
1006 634 1079 694 haee
1108 634 1160 695 ubi
1182 635 1309 695 Asellot

202 727 274 782 sunt
289 719 422 780 nuntiata
437 719 467 779 in
483 727 587 790 castra,
609 717 637 778 id
653 718 741 778 modo
757 728 898 792 moratus,
914 727 948 779 ut
961 719 1115 780 consulem
1130 737 1276 798 percunc-

203 812 332 877 taretur,
360 803 502 864 liceretne
531 811 613 864 extra
636 801 771 864 ordinem
794 803 824 862 in
848 813 1062 882 prouocantem
1085 805 1200 865 bostem
1223 822 1277 882 pu-

166 901 310 969 ugnus,
340 888 486 967 permissu
508 887 571 948 eius
593 906 673 948 arma
696 887 843 967 extemplo
866 888 946 968 cepit
966 899 1189 968 prouectusque
1211 897 1278 949 ante

203 973 344 1036 stationes
367 991 443 1051 equo
466 973 610 1034 Tauream
634 973 756 1033 nomine
778 972 967 1051 compellauit
987 973 1206 1053 congredique,
1229 973 1277 1034 ubi

166 1070 181 1120 t
201 1058 301 1131 uellet,
318 1058 412 1120 iussit.
442 1058 498 1119 iam
514 1057 640 1119 Romani
659 1057 695 1118 ad
710 1058 911 1137 spectaculum
928 1076 1045 1137 pugnae
1061 1059 1124 1120 eius
1138 1060 1279 1138 trequen—
1299 1067 1323 1116 tu

204 1153 248 1205 tes
271 1143 412 1218 exierant,
435 1152 464 1203 et
479 1143 619 1221 Campani
635 1162 697 1203 non
713 1143 823 1204 uallum
838 1144 927 1204 modo
943 1153 1108 1204 castrorum
1130 1143 1181 1205 sed
1198 1163 1278 1204 moe-

167 1241 182 1290 t
204 1229 252 1290 nia
275 1229 362 1289 etiam
377 1227 460 1289 urbis
474 1235 700 1306 prospectantes
718 1228 917 1307 repleuerant
954 1246 1023 1289 cum
1038 1229 1095 1289 iam
1117 1238 1186 1289 ante
1203 1231 1279 1289 lero-

205 1313 289 1375 cibus
304 1313 391 1375 dictis
412 1331 474 1373 rem
493 1311 707 1382 debilitassent
730 1312 845 1374 infestis
863 1313 953 1374 hastis
969 1313 1157 1375 concitarunt
1170 1331 1279 1392 equos;

205 1399 273 1460 dein
296 1399 391 1459 libero
414 1397 508 1477 spatio
536 1397 616 1457 inter
636 1417 668 1459 se
696 1397 881 1459 ludificantes
908 1398 974 1458 sine
1003 1398 1127 1459 uulnere
1149 1415 1279 1477 pugnam

167 1495 182 1544 t
205 1483 407 1544 extrahebant.
452 1491 514 1542 tum
538 1481 690 1544 Romanus
712 1482 862 1560 Campano
878 1474 1060 1562 ‘Equorum'
1085 1483 1182 1561 inquit
1203 1476 1280 1555 ‘boc
1301 1491 1325 1540 15

206 1587 267 1629 non
292 1568 425 1646 equitum
440 1567 495 1627 erit
516 1577 677 1640 certamen,
700 1567 757 1628 nisi
773 1586 789 1628 e
804 1586 909 1646 campo
932 1568 1081 1629 incanam
1103 1568 1181 1628 banc
1204 1569 1279 1628 umnt

206 1653 387 1714 demittimus
416 1670 524 1730 equos;
554 1650 595 1720 ibi
619 1652 702 1713 nullo
730 1651 767 1712 ad
789 1653 977 1731 euagandum
998 1653 1093 1731 spatio
1115 1653 1282 1713 comminue

169 1749 184 1798 6
206 1747 402 1798 conserentur
417 1725 540 1797 manus?
574 1737 653 1797 dicto
670 1755 764 1815 prope
779 1737 866 1798 citius
881 1756 988 1816 equom
1005 1738 1035 1798 in
1052 1738 1128 1798 uiam
1145 1736 1282 1798 Claudius

207 1821 328 1896 deiecit;
357 1822 471 1882 Taurea
500 1819 601 1882 uerbis
629 1822 757 1882 ferocior
779 1840 867 1900 quam
890 1840 923 1883 re
942 1815 1077 1883 ‘blioime
1106 1812 1160 1883 sis’
1186 1821 1284 1900 inquit

204 1899 403 1967 ‘cantherium
419 1906 448 1966 in
465 1895 602 1980 rossam'3
624 1924 701 1984 quae
722 1925 779 1967 uox
795 1907 825 1967 in
843 1907 985 1968 rusticum
1004 1907 1074 1967 inde
1089 1907 1282 1986 prouerbium
1303 1913 1329 1964 tt

170 2005 184 2053 t
205 1991 322 2070 prodita
336 1999 389 2052 est.
434 1989 580 2064 Claudius,
603 2008 670 2052 cum
694 2009 767 2052 caua
784 1991 873 2070 longe
888 1991 1103 2072 perequitasset
1117 1991 1173 2064 uia,
1199 1991 1280 2052 nullo

208 2074 297 2137 obuio
328 2077 411 2139 hoste
439 2075 470 2137 in
499 2094 636 2157 campum
664 2093 769 2139 rursus
797 2085 918 2139 euectus
945 2078 1104 2156 increpans
1131 2076 1280 2156 ignauiam
1353 2116 1354 2144 2

208 2162 300 2223 bostis
321 2180 388 2223 cum
405 2180 512 2240 magno
528 2162 635 2242 gaudio
658 2170 689 2223 et
708 2162 904 2242 gratulatione
920 2162 1017 2224 uictor
1038 2163 1068 2221 in
1085 2174 1181 2223 castra
1198 2162 1282 2223 redit.
1353 2155 1354 2228 l

170 2257 186 2308 8
206 2246 275 2308 huic
297 2265 415 2326 pugnae
437 2248 567 2325 equestri
590 2265 651 2307 rem
666 2280 711 2291 -
725 2265 813 2325 quam
835 2265 906 2307 uera
924 2248 972 2317 sit,
995 2246 1160 2308 communis
1182 2247 1282 2309 existi·
1353 2249 1354 2324 l

207 2332 296 2393 matio
320 2340 364 2393 est
385 2367 427 2377 -
448 2332 613 2393 mirabilem
639 2340 721 2393 certe
747 2332 879 2393 adiciunt
900 2332 1017 2410 quidam
1045 2332 1182 2393 annales:
1215 2349 1281 2393 cum
1301 2338 1327 2391 25

208 2418 402 2496 refugientem
431 2418 467 2478 ad
496 2417 600 2478 urbem
623 2417 768 2477 Tauream
791 2416 930 2478 Claudius
951 2425 1143 2494 sequeretur,
1170 2415 1285 2496 patenti

208 2502 335 2563 bostium
351 2510 437 2582 porta
452 2502 602 2563 inuectum
625 2520 679 2582 per
694 2502 815 2564 alteram
829 2501 1019 2581 stupentibus
1034 2502 1175 2563 miraculo
1192 2500 1283 2563 bosti-

208 2586 265 2647 bus
287 2588 428 2647 intactum
450 2587 589 2648 euasisse.

298 2775 308 2822 1
330 2771 353 2821 is
370 2776 431 2821 tunc
447 2773 545 2835 scripse·
561 2769 781 2824 Em.Le'o.1113
806 2773 867 2821 tnnc
883 2769 980 2821 Waleh
1005 2768 1073 2820 bune
1090 2771 1114 2820 P
1136 2769 1179 2820 bic
1197 2774 1218 2834 ς
1242 2769 1283 2820 bic

211 2842 272 2889 tune
289 2837 418 2889 Riemann
436 2837 474 2903 112
493 2838 711 2904 obsequitastaset
728 2838 769 2898 P¹,
787 2852 857 2889 corr.
871 2837 928 2955 Pp
945 2836 1055 2888 tamdem
1075 2838 1099 2887 P
1113 2838 1149 2898 l3
1168 2852 1228 2889 esse
1244 2838 1285 2901 P',

211 2921 281 2957 corr.
299 2904 339 2956 P²
357 2904 367 2973 ll
390 2905 422 2956 cl.
441 2906 536 2957 asellus
553 2908 577 2957 P
594 2905 604 2973 ΙΙ
625 2922 711 2957 seeum
730 2904 762 2957 de
780 2909 799 2970 ς
833 2921 911 2957 secun
931 2921 944 2955 a
969 2922 1023 2955 ros.
1042 2921 1077 2954 ee
1094 2904 1222 2957 secundae
1240 2905 1264 2955 P
1275 2904 1284 2969 l

212 2976 227 3025 b
246 2973 330 3038 opima
349 2990 402 3024 ros.
420 2974 571 3039 ecepimus
590 2972 636 3041 Pll
657 2973 742 3025 uictus
759 2972 796 3025 1³²
830 2975 911 3025 uittus
928 2972 966 3023 P¹
984 2972 994 3039 [l
1013 2976 1029 3025 6
1047 2972 1161 3023 nuntiate
1180 2989 1234 3025 rae.
1252 2988 1286 3022 ee

212 3042 341 3092 nuntiatus
361 3040 407 3108 ΡΙΙ
427 3044 441 3094 8
460 3042 639 3108 prouectisque
657 3043 680 3093 P
695 3041 704 3107 ΙΙ
723 3044 755 3093 10
776 3042 826 3092 iam
846 3045 866 3106 ς
891 3041 917 3091 in
936 3042 971 3104 P,
993 3039 1204 3105 cathemone,
1227 3038 1285 3091 inde

212 3108 375 3171 Alschefski,
401 3125 453 3175 quo
477 3112 612 3173 seriptum
635 3114 743 3174 recepta
767 3110 884 3161 exierunt
906 3113 933 3158 et
955 3108 1121 3174 repleuerunt
1138 3109 1287 3159 desiderari

213 3180 368 3229 edomavit
383 3177 510 3244 Frigellll
526 3180 557 3230 12
577 3177 765 3245 prospectantis
780 3177 821 3242 ΡΙΙ
834 3176 996 3242 repleuerent
1012 3181 1032 3240 ς
1058 3176 1224 3241 repleuerunt
1240 3174 1286 3241 ΡΙ

213 3246 244 3299 13
258 3246 422 3298 nobilitnseet
434 3246 476 3313 Pl}
491 3250 522 3298 15
535 3245 703 3297 extrahebant
714 3243 748 3296 P‘
774 3245 969 3296 extraherebant
980 3244 1013 3294 Ρ*
1038 3244 1171 3295 extrahere
1185 3244 1287 3307 Greml

212 3329 332 3395 pomqnus
345 3329 468 3395 compano
483 3314 512 3367 G.
522 3314 554 3365 F.
567 3314 656 3379 Unger
664 3312 798 3393 Philoddh
808 3312 900 3375 (1876)
906 3312 962 3395 ’204
979 3326 1118 3377 cempeous
1130 3328 1236 3365 romano
1248 3312 1287 3394 Pp

212 3382 358 3503 illihic
373 3379 1288 3516 eutitiitt<r÷l÷lcttstcttctti‘tuttelstet

215 3517 355 3569 dubitatur
376 3518 386 3583 l
408 3520 437 3570 21
458 3517 584 3585 proditast
601 3516 633 3568 cl.
651 3518 675 3569 Ρ
693 3517 704 3584 Ι
724 3531 787 3568 caua
805 3515 915 3581 Madvig
930 3515 1020 3581 praef.
1038 3518 1078 3568 ed.
1111 3532 1175 3567 exue
1194 3516 1229 3565 Ρι
1254 3530 1285 3566 ex

214 3584 255 3636 uis
274 3583 309 3634 P2
340 3600 369 3636 ea
389 3587 429 3637 uie
448 3588 480 3637 A.
498 3587 656 3637 Perizonius
676 3584 687 3651 ΙΙ
708 3585 749 3635 uis
771 3602 807 3636 ese
824 3586 884 3651 quie
902 3586 943 3647 ΡΙ,
961 3586 1012 3639 del.
1029 3589 1049 3650 ς
1068 3584 1079 3651 l
1101 3586 1133 3636 23
1151 3584 1226 3634 rediit
1243 3581 1285 3650 §fl

215 3653 248 3704 et
267 3652 392 3719 equestris
410 3654 451 3719 ΡΙΙ
464 3652 565 3741 <quee)
582 3668 659 3720 quarn
678 3655 783 3703 conicio
795 3652 805 3719 Ι
817 3668 877 3705 uera
896 3653 930 3705 sit
944 3654 1024 3705 Grec.
1051 3651 1146 3704 uetatie
1163 3651 1203 3719 ΡΙ
1217 3666 1287 3703 com·

214 3719 299 3771 munis
319 3720 398 3771 Valla
416 3726 443 3771 et
460 3724 541 3772 bron.
575 3721 717 3773 communis
739 3729 808 3773 certe
825 3719 875 3786 ΡΙΙ
894 3722 926 3773 26
944 3735 1061 3772 sauream
1081 3719 1121 3783 P',
1140 3734 1210 3770 corr.
1228 3719 1286 3785 ΡΙ

216 3786 247 3840 cl.
266 3786 309 3853 ΡΙΙ
322 3790 353 3840 27
372 3793 445 3854 porte
463 3788 596 3853 ingerslev
616 3794 643 3840 et
659 3789 771 3854 Madvig
797 3794 887 3855 portae
905 3789 929 3839 P
