2734 4250
97 168 117 198 a.
129 131 181 197 cii.
191 155 230 195 ns
506 133 599 186 tmen
616 133 711 200 nunu,
728 139 781 188 ss
1120 134 1180 193 189

103 309 276 371 timentibus
293 329 310 366 e
326 329 343 366 e
361 308 451 368 lunus
466 307 499 367 ht
514 307 638 385 regium
660 308 754 387 magis
768 326 869 368 amore
884 307 992 369 ciuium
1015 318 1043 368 et
1059 309 1181 371 caritate
1202 320 1219 370 8

101 413 191 474 quam
214 411 286 454 cura
309 409 431 454 suorum
447 392 574 452 celebre.
611 390 697 453 breui
714 393 822 453 deinde
843 401 958 454 ceteros
972 404 1086 455 tutores
1100 413 1181 456 sum·
1203 406 1220 457 s

103 488 206 541 mouet
228 478 452 550 Adranodorus,
479 477 618 538 iuuenem
641 477 698 537 iam
721 496 785 539 esse
806 478 944 539 dictitans
967 479 1179 559 Hieronymum

100 583 135 626 ac
149 563 236 641 regni
251 572 422 643 potentem;
445 561 684 641 deponendoque
700 563 821 623 tutelam
837 564 908 642 ipse,
931 583 1007 643 quae
1029 582 1096 624 cum
1113 564 1179 643 plu·

68 649 187 710 trihus
209 647 377 708 communis
399 655 469 716 erat,
494 646 522 706 in
547 666 579 708 se
601 665 695 707 unum
718 649 851 708 omnium
876 649 955 710 uires
977 650 1136 710 conuertit.

187 732 240 792 Vix
262 732 380 811 quidem
404 732 452 792 uel
475 729 554 792 bono
578 734 789 811 moderatoque
811 733 872 810 regi
895 733 989 796 facilis
1010 743 1073 795 erat
1094 737 1215 797 lauorh

101 826 174 898 aput
195 817 398 896 Syracusanos
427 815 598 877 succedenti
627 827 725 878 tantae
755 817 867 878 caritati
893 818 1048 893 Hieronis;
1077 831 1218 880 ueruma

101 903 180 964 enim
204 920 277 962 uero
295 901 505 980 Hieronymus,
528 901 610 962 uelut
630 901 692 964 suis
714 903 794 963 uitiis
815 902 1038 964 desiderabilem
1061 906 1178 966 elllcere

101 987 192 1048 uellet
205 1005 307 1058 auum,
321 986 418 1067 primo
434 986 530 1046 statim
542 997 705 1065 conspectu
720 988 819 1049 omnia
836 1004 924 1066 quarn
939 988 1065 1068 disparia
1080 998 1180 1050 essent

56 1083 82 1133 to
102 1071 240 1134 ostendit.
279 1089 348 1133 nam
370 1072 420 1150 qui
443 1090 498 1151 per
519 1080 563 1131 tot
584 1090 679 1132 annos
694 1073 854 1133 Hieronem
870 1073 1023 1152 liliumque
1044 1073 1108 1136 eius
1123 1075 1180 1136 Ge·
1202 1084 1217 1134 s

100 1157 199 1218 lonem
218 1174 274 1216 nec
292 1155 382 1218 uestis
396 1154 498 1217 babitu
516 1175 571 1217 nec
586 1157 642 1217 alio
656 1156 717 1218 ullo
733 1157 841 1234 insigni
857 1157 1027 1219 dillerentes
1042 1176 1058 1219 a
1073 1160 1179 1220 ceteris

101 1240 218 1302 ciuibus
241 1240 394 1312 uidissent,
424 1240 450 1301 ei
473 1259 656 1320 conspexere
678 1259 841 1321 purpuram
864 1261 899 1304 ac
920 1243 1052 1303 diadema
1075 1262 1109 1304 ac
1131 1263 1178 1304 sa·

100 1326 207 1386 tellitcs
229 1335 358 1386 armatos
373 1325 581 1404 quadrigisque
604 1327 690 1386 etiam
713 1327 847 1387 alborum
869 1346 1015 1406 equorum
1031 1328 1179 1390 interdum
1201 1340 1216 1389 t

101 1429 136 1471 ex
159 1411 240 1490 regia
261 1412 472 1489 procedentem
495 1429 579 1471 more
596 1411 717 1492 Dionysi
739 1413 867 1492 tyranni.
905 1414 985 1473 bunc
1000 1422 1059 1473 mm
1074 1431 1179 1491 super·
1201 1425 1216 1474 a

53 1503 79 1556 tt
100 1496 171 1556 hum
186 1505 360 1574 apparatum
373 1494 564 1574 habitumque
579 1497 796 1558 conuenientes
806 1495 1008 1576 sequebantur
1022 1507 1178 1577 contemp-

100 1590 149 1642 tus
163 1579 299 1641 omnium
314 1580 481 1654 huminum,
501 1580 646 1659 superbae
662 1599 758 1655 aures,
781 1583 994 1644 contumeliosa
1011 1583 1096 1655 dicta,
1119 1583 1178 1643 rari

101 1664 197 1726 aditus
221 1683 281 1726 non
306 1665 410 1726 alienis
431 1665 518 1726 modo
543 1665 757 1727 saltatoribus
779 1667 882 1740 etiam,
912 1667 1049 1728 libidines
1071 1685 1176 1742 nouae,

103 1750 263 1820 inhumana
287 1749 452 1810 crudelitas.
490 1751 588 1829 itaque
610 1759 711 1812 mutus
725 1751 823 1813 omnis
846 1762 943 1812 terror
964 1752 1123 1825 inuaserat,
1146 1760 1215 1814 uttt

103 1835 220 1912 quidam
237 1853 272 1895 en
288 1833 438 1895 tutoribus
450 1843 500 1895 aut
515 1845 610 1896 morte
626 1836 792 1896 uoluntaria
808 1846 858 1897 aut
873 1838 940 1915 luga
952 1845 1179 1916 praeuerterent

57 1928 83 1978 at
101 1931 211 1980 metum
228 1918 454 1999 suppliciorum.
491 1928 551 1980 tres
567 1938 602 1980 ex
618 1920 662 1990 iis,
686 1921 795 1999 quibus
815 1921 886 1983 solis
901 1921 996 1983 aditus
1011 1923 1040 1982 iu
1058 1923 1177 1982 domum
1200 1932 1214 1979 1

102 2005 274 2065 familiarior
296 2014 374 2076 erat,
397 2004 608 2065 Adranodorus
631 2013 660 2064 et
682 2005 821 2086 Zoippus,
846 2007 949 2085 generi
973 2007 1125 2081 Hieronis,
1148 2015 1178 2067 et

7 2095 8 2100 ’
102 2089 215 2151 Thraso
238 2089 367 2169 quidam,
390 2089 426 2150 de
448 2089 511 2151 aliis
533 2089 650 2168 quidem
673 2091 764 2152 rebus
788 2094 858 2152 haut
875 2109 1055 2172 magnopere
1076 2092 1176 2153 audie·

102 2175 227 2250 bantur;
258 2174 409 2235 tendendo
438 2184 534 2235 autem
563 2174 622 2236 duo
645 2175 681 2236 ad
705 2175 976 2256 Carthaginienses,
1006 2176 1118 2238 Tbraso
1140 2177 1213 2237 ada

101 2260 271 2321 societatem
290 2259 461 2330 Romanam,
484 2260 644 2320 certamine
667 2278 702 2320 ac
716 2262 821 2322 studiis
837 2262 985 2321 interdum
1008 2262 1038 2321 in
1055 2280 1088 2321 se
1103 2280 1174 2323 con·

57 2348 81 2399 11
101 2345 260 2405 uertebant
274 2344 403 2405 animum
419 2344 625 2418 adulescentis,
644 2363 711 2405 cum
726 2346 891 2407 coniuratio
907 2347 937 2407 in
954 2346 1072 2426 tyranni
1088 2353 1178 2423 caput
1197 2354 1213 2405 9

101 2431 174 2491 lacta
197 2429 346 2490 indicatur
367 2448 423 2507 per
437 2428 586 2491 Callonem
609 2431 767 2508 quendam,
790 2430 941 2509 aequalem
959 2431 1128 2511 Hieronymi
1147 2439 1177 2491 et

102 2516 157 2575 iam
180 2514 251 2575 inde
273 2531 399 2593 apucro
422 2513 452 2574 in
476 2514 573 2575 omnia
596 2515 747 2576 familiaria
770 2516 832 2575 iura
854 2516 1051 2595 adsumptum.
1088 2516 1176 2577 index
1198 2523 1228 2574 lt

102 2617 195 2660 unum
226 2618 261 2659 cx
290 2598 452 2659 coniuratis
474 2598 674 2674 Theodotum,
704 2618 800 2679 aquo
827 2600 891 2680 ipss
919 2600 1083 2681 appellatus
1104 2609 1175 2674 erat,

103 2684 258 2745 nominare
273 2682 378 2763 potuit.
415 2684 466 2761 qui
481 2701 667 2762 conprensus
681 2685 829 2765 extemplo
845 2686 1027 2765 traditusque
1043 2684 1176 2746 Adrano·

58 2769 175 2831 ttdoro
203 2766 390 2847 torquendus
417 2768 454 2829 dc
476 2786 508 2829 se
536 2769 599 2847 ipse
628 2770 699 2831 haut
720 2780 896 2832 cunctanter
923 2773 1018 2833 lassus
1039 2770 1177 2833 conscios

102 2853 232 2929 celabat3
255 2860 416 2932 postremo,
439 2871 505 2913 cum
522 2851 662 2915 omnibus
678 2855 872 2916 intolerandis
893 2857 1051 2935 patientiae
1073 2856 1177 2917 huma·
1200 2863 1228 2915 11

188 2989 199 3037 1
220 2990 281 3050 poet
304 2983 453 3037 timentibus
477 2986 614 3049 complura
637 2988 805 3039 intercidisse
825 2989 961 3040 intellexit
985 2990 1127 3043 Wea'eeenh.
1152 2996 1179 3041 et

104 3068 195 3105 manus
206 3052 358 3119 suscipiunt.
386 3060 439 3104 turo
452 3053 603 3105 addendum
617 3058 701 3117 eont.,·
719 3057 751 3107 de
766 3071 860 3108 munus
871 3058 970 3109 obeunt
986 3059 1032 3109 net
1048 3059 1178 3125 occipiunt

104 3124 183 3186 cogit.
210 3120 241 3171 H.
254 3120 278 3171 Ι.
291 3120 403 3172 Mueller
419 3120 460 3173 ed.
476 3120 572 3172 Terebra
587 3121 625 3190 ΙΙ2
643 3122 745 3175 celebre
763 3124 834 3175 breui
854 3122 961 3175 Ordines·
986 3126 1113 3177 celebreui
1133 3128 1155 3176 P

104 3192 118 3239 3
135 3188 330 3240 andranodorns
349 3188 390 3255 ΡΙΙ
404 3188 570 3241 hieronimum
589 3188 660 3256 ΡΙΙθ
678 3191 720 3242 nel
738 3190 848 3256 Madvig
877 3192 921 3243 olli
940 3192 1010 3257 Pll
1031 3200 1099 3243 unta
1118 3191 1152 3243 P‘

104 3257 202 3308 caritati
217 3256 300 3308 Gran.
327 3256 433 3307 caritate
446 3258 486 3319 Pll
500 3259 515 3309 8
533 3258 691 3310 hieronimus
702 3258 743 3324 Pl
758 3258 817 3311 uitis
829 3258 870 3325 Pl
884 3262 899 3312 9
912 3274 988 3311 auum
1000 3265 1020 3324 ς
1046 3258 1124 3310 elium
1137 3261 1162 3312 P

104 3330 228 3391 conpecth
248 3323 272 3374 P
304 3322 397 3388 dispari
418 3323 458 3389 Pl
476 3328 503 3377 l0
522 3339 602 3377 annos
621 3324 656 3376 Ρ*
680 3341 762 3378 annos
779 3342 860 3377 annos
877 3327 931 3392 ΡἸ
947 3329 978 3381 12
996 3330 1019 3378 ei
1036 3326 1178 3378 Weissenh.

104 3396 129 3443 et
141 3394 167 3455 Ρ,
184 3407 238 3443 one
250 3396 270 3455 ς
308 3394 338 3443 ll
356 3405 450 3443 morem
464 3392 506 3459 ΡΙΙ
522 3396 551 3445 15
567 3394 746 3445 conuenientis
758 3394 782 3444 P
791 3401 801 3461 Ι
812 3393 992 3461 eomltemptus
1005 3396 1047 3462 Pl
1061 3397 1093 3448 16
1111 3395 1178 3447 dicte

104 3461 149 3511 rari
169 3460 254 3511 Gron.
284 3458 373 3510 dictari
394 3459 424 3510 Ρ1
451 3460 517 3511 dieta
537 3460 573 3511 P²
593 3460 647 3527 1119
666 3467 839 3527 praeuerteret
856 3462 944 3529 ΡΙ20
962 3462 984 3514 is
1002 3464 1043 3526 Pl
1057 3466 1087 3516 21
1107 3463 1179 3515 adra·

104 3528 216 3581 notoriis
235 3532 262 3579 et
280 3526 363 3579 zoilus
380 3526 427 3645 Pp!
447 3529 479 3581 22
497 3528 599 3595 quidem
618 3534 638 3593 ς
664 3530 758 3596 qulbus
774 3530 799 3581 Ρ
813 3530 823 3597 ΙΙ
839 3538 883 3582 eut
900 3530 943 3597 ΡΙ
955 3530 1114 3583 cudebantur
1132 3532 1178 3599 ΡΙ

104 3597 134 3649 25
146 3594 323 3647 adolescentis
335 3609 391 3645 cum
421 3596 487 3647 'ron
510 3595 712 3648 adolescentium
725 3597 767 3663 ΡΙ
780 3600 813 3650 26
825 3598 950 3649 callonem
962 3598 996 3650 F.
1009 3599 1035 3651 0.
1050 3600 1179 3651 Moeteana

104 3664 218 3715 calonem
231 3664 272 3732 ΡΙ
282 3661 415 3714 hieronimi
424 3663 465 3721 Pp
475 3665 505 3715 21
521 3664 700 3717 familiaritatis
712 3664 760 3726 (es.
773 3666 847 3729 1,3t,
859 3666 901 3731 12)
912 3670 981 3718 coni.
993 3668 1018 3719 0.
1031 3668 1061 3720 L.
1071 3666 1179 3735 Bauer-fl

104 3732 248 3784 adsumtum
266 3730 410 3796 Ruhnken,
434 3732 503 3782 idem
525 3733 570 3783 uel
587 3739 712 3785 assertum
730 3735 776 3784 atel
792 3732 916 3786 adscitum
936 3734 962 3787 G.
975 3736 1005 3789 t.
1017 3738 1108 3788 Bauer
1135 3735 1178 3787 ed-

104 3804 202 3853 anetum
221 3800 265 3866 Pl
279 3800 312 3851 29
331 3798 507 3851 andranodoro
525 3798 567 3867 Py
580 3802 612 3853 st
630 3804 761 3867 postremo
778 3817 831 3855 ras.
850 3819 885 3853 ee
901 3809 1046 3869 postremos
1063 3805 1087 3856 P
