2734 4250
563 369 830 500 UNlllEldSll'Y

675 465 694 500 Ο

597 513 839 601 Quosne*

412 1037 466 1098 AB
491 1035 607 1097 vitun
631 1035 833 1098 connire

537 1217 632 1272 LIBER
649 1217 713 1271 lllll.

171 1377 207 1437 ln
230 1385 313 1457 parte
335 1375 433 1455 operis
454 1375 512 1437 mei
535 1375 604 1436 licet
623 1374 694 1435 mibi
709 1375 846 1453 praefari,
868 1375 948 1452 quod
963 1373 993 1434 in
1011 1375 1158 1454 principio
1176 1383 1193 1435 1

82 1480 220 1527 summae
243 1459 333 1522 totius
354 1461 479 1539 professi
501 1459 635 1541 plerique
654 1469 725 1520 snut
738 1477 839 1521 rerum
855 1458 1025 1539 scriptores,
1048 1459 1160 1520 bellum

85 1548 213 1610 maxime
223 1545 358 1608 omnium
369 1546 569 1618 memorabile,
585 1563 660 1624 quae
673 1563 813 1624 umquam
827 1555 909 1624 gesta
918 1545 987 1620 sint,
1003 1562 1050 1606 me
1065 1544 1160 1624 scrip·

86 1645 198 1706 turum,
221 1630 301 1711 quod
321 1630 485 1694 Hannibale
508 1631 583 1692 duce
602 1629 860 1708 Carthaginienses
882 1648 950 1691 oum
972 1630 1084 1710 populo
1099 1629 1160 1691 Ro-

43 1733 174 1780 emano
199 1735 329 1797 gessere.
376 1735 443 1778 nam
474 1734 572 1795 neque
600 1716 759 1778 ualidiores
789 1714 895 1794 opibus
924 1716 998 1784 ullae
1024 1715 1104 1776 inter
1129 1735 1161 1778 se
1183 1726 1199 1776 2

80 1803 222 1866 ciuitates
250 1812 411 1882 gentesque
439 1802 631 1863 contulerunt
658 1819 739 1862 arma
762 1818 860 1879 neque
882 1801 927 1862 bis
949 1801 1021 1881 ipsis
1043 1810 1161 1862 tantum

81 1905 229 1966 umquam
252 1887 357 1948 uirium
379 1896 430 1948 ant
451 1887 568 1948 roboris
596 1886 667 1958 fuit,
696 1895 726 1946 et
753 1885 831 1946 baud
853 1885 969 1964 ignotas
990 1885 1060 1946 belli
1082 1896 1162 1947 artes

78 1974 167 2034 inter
182 1989 248 2032 sese
261 1972 311 2032 sed
325 1981 460 2052 expertas
474 1972 571 2055 primo
587 1971 700 2033 Punico
717 1970 911 2032 conferebant
926 1970 1012 2044 bello,
1035 1980 1065 2031 et
1086 1971 1159 2031 adeo

81 2057 170 2120 naria
195 2057 312 2117 fortuna
334 2057 402 2118 betti
424 2076 593 2139 ancepsque
609 2057 687 2117 lllars
708 2056 771 2132 fuit,
795 2065 827 2117 nt
849 2055 972 2137 propius
993 2056 1160 2138 periculum

27 2156 56 2205 to
80 2142 210 2217 fuerint,
235 2142 285 2219 qui
307 2142 454 2205 uicerunt
499 2143 573 2205 odiis
595 2142 682 2204 etiam
705 2160 801 2223 prope
823 2140 985 2202 maioribus
1007 2150 1161 2202 certarunt
1181 2152 1197 2200 a

80 2246 176 2307 quarn
203 2226 333 2300 uiribus,
359 2227 499 2289 Romanis
524 2227 764 2309 indignantibus,
791 2226 871 2306 quod
897 2226 1062 2289 uictoribus
1088 2228 1160 2289 uicti

81 2313 165 2373 ultro
182 2312 331 2374 inferrent
344 2330 434 2387 arma,
457 2313 574 2386 Poenis,
596 2313 675 2390 quod
692 2311 820 2392 superbe
835 2330 982 2389 auareque
1005 2312 1162 2374 crederent

79 2397 287 2477 imperitatum
311 2396 398 2459 uictis
420 2415 492 2459 esse.
529 2398 604 2457 fama
619 2406 664 2458 est
679 2397 774 2469 etiam,
797 2395 993 2457 Hannibalem
1014 2413 1161 2458 annorum
1183 2406 1199 2453 r

82 2484 185 2542 ferme
206 2502 315 2545 nouem
338 2482 490 2561 pueriliter
512 2481 710 2543 blandientem
733 2483 809 2561 patri
825 2480 993 2553 Hamilcari,
1016 2491 1050 2542 ut
1070 2481 1161 2542 duoe-

24 2580 56 2628 15
82 2576 175 2627 retur
196 2566 224 2627 in
247 2567 434 2651 Hispaniam,
463 2584 530 2627 oum
561 2566 694 2646 perfecto
716 2566 816 2628 Africo
840 2565 916 2627 bello
940 2566 1102 2628 exercitum
1125 2584 1160 2627 eo

79 2652 266 2713 traiecturus
294 2652 487 2727 sacrificaret,
521 2652 661 2713 altaribus
688 2650 838 2714 admotum
866 2652 952 2713 tactis
979 2653 1070 2715 sacris
1097 2652 1162 2714 iure

78 2736 213 2797 iurando
237 2736 388 2811 adactum,
411 2754 443 2798 se
465 2755 532 2798 oum
555 2738 684 2817 primum
707 2746 808 2816 posset
827 2737 942 2799 bostem
964 2738 1029 2799 fore
1050 2738 1161 2819 populo

78 2820 234 2883 Romano.
279 2821 429 2900 angebant
449 2822 579 2901 ingentis
600 2822 721 2902 spiritus
744 2823 840 2884 uirum
856 2823 954 2884 Sicilia
969 2822 1164 2903 Sardiniaque
1185 2835 1200 2883 ⁵

78 2906 229 2967 amissae:
253 2925 323 2968 nam
337 2918 368 2968 et
382 2907 509 2968 Siciliam
525 2908 612 2969 nimis
626 2908 717 2969 celeri
736 2908 942 2988 desperatione
964 2926 1065 2969 rerum
1088 2928 1162 2970 oon·

26 2998 57 3048 tu
79 3008 205 3053 cessam
227 3004 257 3053 et
279 2992 443 3054 Sardiniam
465 2992 545 3053 inter
565 3002 677 3054 motum
702 2992 815 3054 Africae
837 2993 940 3055 fraude
959 2992 1162 3055 Romanorum

79 3076 239 3155 stipendio
261 3078 349 3139 etiam
371 3078 494 3158 insuper
515 3078 644 3157 inposito
663 3079 866 3157 interceptam.
904 3077 949 3138 bis
964 3077 1069 3140 anxius
1083 3079 1196 3140 rurist

79 3160 123 3221 ita
148 3180 185 3224 se
207 3162 306 3223 Africo
328 3162 416 3238 bello,
439 3162 519 3242 quod
541 3164 596 3224 fuit
617 3162 672 3225 sub
695 3174 845 3223 recentem
863 3162 1027 3224 Romanam
1050 3183 1163 3246 pacem,

178 3348 218 3400 titi
237 3348 282 3399 lini
300 3346 377 3399 decas
396 3347 468 3398 tertia
483 3346 505 3399 G
520 3346 559 3399 titi
574 3346 619 3398 lini
637 3346 730 3399 decada
750 3346 825 3398 tertia
836 3346 927 3413 insipit
939 3346 998 3397 libri
1016 3345 1104 3398 decern
1118 3345 1147 3396 Μ
1154 3346 1164 3411 lt

81 3416 98 3464 2
117 3420 189 3479 port
206 3415 313 3483 professi
332 3418 361 3463 to
380 3413 411 3464 Μ
424 3420 449 3465 st
464 3420 490 3465 et
506 3418 586 3465 tertia
598 3416 728 3480 quaedam
741 3414 833 3465 liuere
843 3415 887 3466 uel
897 3419 963 3465 nota
974 3430 1067 3464 marae
1077 3418 1140 3464 eunt
1155 3414 1165 3478 Ι

80 3482 98 3531 6
120 3482 245 3535 ciuitates
258 3482 281 3535 0
295 3486 322 3532 ef
337 3498 392 3533 rar.
404 3498 440 3533 aaa
457 3483 589 3535 ciuitatem
602 3482 631 3533 Μ
640 3482 677 3551 18
696 3498 754 3535 sese
767 3483 789 3535 0
804 3498 833 3535 se
849 3499 902 3534 ras.
918 3499 954 3532 aaa
971 3496 1029 3533 sese
1043 3480 1073 3532 Μ
1082 3481 1165 3549 lcon-

81 3547 239 3615 terebnotg
255 3549 426 3602 conserebant
438 3549 506 3618 ΟΜΙ
519 3554 535 3605 9
554 3552 658 3617 propius
671 3551 727 3603 Get
739 3568 792 3602 rae.
805 3568 840 3600 ee
853 3550 969 3616 proprius
981 3548 1014 3600 Μ
1022 3551 1032 3614 tl
1045 3553 1076 3601 to
1096 3550 1165 3603 uice-

80 3622 148 3668 runl
169 3618 328 3681 Cnieerint,
352 3623 383 3669 ut
399 3618 521 3679 uidebar,
544 3635 598 3670 rar.
620 3635 655 3669 ea·
675 3620 793 3670 uicerunt
810 3618 842 3669 Μ
849 3619 859 3685 ΙΙ
872 3622 903 3670 13
927 3618 1091 3683 inperltntunr
1110 3618 1165 3677 Off,

23 3686 24 3727 l
80 3684 132 3734 red
160 3692 215 3737 turn
237 3704 253 3737 a
272 3684 314 3737 Μ’
329 3690 360 3737 fn
376 3686 453 3753 rael
469 3689 497 3737 fl
517 3686 612 3751 populo
630 3701 736 3737 romano
753 3686 798 3735 uel
822 3687 907 3752 populi
933 3686 1068 3749 romani&
1091 3685 1168 3751 pr.C

23 3804 25 3857 Ι
81 3764 106 3814 p.
128 3768 151 3803 r.
174 3752 204 3804 rt
214 3754 224 3820 Ι
241 3756 270 3807 ttt
288 3754 424 3876 εἰοίΙίἳΙ...
437 3768 588 3806 conoessum
613 3758 679 3805 cont.
701 3752 810 3817 Hador'g
823 3752 913 3818 praef.
931 3754 971 3804 ad.
984 3756 994 3819 ΙΙ
1007 3756 1039 3805 21
1059 3754 1125 3803 curis
1146 3753 1167 3803 C

79 3823 107 3867 et
126 3837 189 3874 ras.
206 3838 241 3874 aar
257 3822 336 3877 curin

23 3918 24 3929 ¹
137 3911 222 3957 Liuius
235 3913 267 3957 llf
1000 3906 1012 3953 1
