<?xml version="1.0" encoding="UTF-8"?>
<!DOCTYPE html PUBLIC "-//W3C//DTD XHTML 1.0 Transitional//EN"
    "http://www.w3.org/TR/xhtml1/DTD/xhtml1-transitional.dtd">
<html xmlns="http://www.w3.org/1999/xhtml" xml:lang="en" lang="en">
 <head>
  <title>
</title>
<meta http-equiv="Content-Type" content="text/html;charset=utf-8" />
  <meta name='ocr-system' content='tesseract 3.04.00' />
  <meta name='ocr-capabilities' content='ocr_page ocr_carea ocr_par ocr_line ocrx_word'/>
</head>
<body>
  <div class='ocr_page' id='page_1' title='image "./aburbeconditali00paasgoog_0163.png"; bbox 0 0 2734 4250; ppageno 0'>
   <div class='ocr_carea' id='block_1_1' title="bbox 88 132 1170 200">
    <p class='ocr_par' dir='ltr' id='par_1_1' title="bbox 88 132 1170 200">
     <span class='ocr_line' id='line_1_1' title="bbox 88 132 1170 200; baseline 0.003 -10"><span class='ocrx_word' id='word_1_1' title='bbox 88 148 216 192; x_wconf 68' lang='lat' dir='ltr'><strong>acuente</strong></span> <span class='ocrx_word' id='word_1_2' title='bbox 515 132 609 186; x_wconf 81' lang='lat' dir='ltr'>LIBER</span> <span class='ocrx_word' id='word_1_3' title='bbox 627 133 711 200; x_wconf 83' lang='lat' dir='ltr'><strong>xlilll,</strong></span> <span class='ocrx_word' id='word_1_4' title='bbox 731 137 762 187; x_wconf 82' lang='grc'><strong>19</strong></span> <span class='ocrx_word' id='word_1_5' title='bbox 1110 135 1170 193; x_wconf 88' lang='grc'><strong>149</strong></span> 
     </span>
    </p>
   </div>
   <div class='ocr_carea' id='block_1_2' title="bbox 45 304 1224 3276">
    <p class='ocr_par' dir='ltr' id='par_1_2' title="bbox 45 304 1224 3276">
     <span class='ocr_line' id='line_1_2' title="bbox 90 304 1207 386; baseline 0.003 -19"><span class='ocrx_word' id='word_1_6' title='bbox 90 307 206 386; x_wconf 79' lang='lat' dir='ltr'><strong>inopiae</strong></span> <span class='ocrx_word' id='word_1_7' title='bbox 239 305 409 367; x_wconf 84' lang='lat' dir='ltr'><strong>adduxerat.</strong></span> <span class='ocrx_word' id='word_1_8' title='bbox 452 305 555 367; x_wconf 90' lang='lat' dir='ltr'><strong>castris</strong></span> <span class='ocrx_word' id='word_1_9' title='bbox 583 304 724 367; x_wconf 85' lang='lat' dir='ltr'><strong>Romanis</strong></span> <span class='ocrx_word' id='word_1_10' title='bbox 747 305 790 366; x_wconf 90' lang='lat' dir='ltr'><strong>Ti.</strong></span> <span class='ocrx_word' id='word_1_11' title='bbox 814 306 1008 385; x_wconf 83' lang='lat' dir='ltr'>Sempronius</span> <span class='ocrx_word' id='word_1_12' title='bbox 1037 318 1207 386; x_wconf 82' lang='lat' dir='ltr'><strong>praeeratt</strong></span> 
     </span>
     <span class='ocr_line' id='line_1_3' title="bbox 89 389 1169 471; baseline 0.004 -20"><span class='ocrx_word' id='word_1_13' title='bbox 89 391 233 453; x_wconf 77' lang='lat' dir='ltr'>dictatore</span> <span class='ocrx_word' id='word_1_14' title='bbox 262 389 462 469; x_wconf 80' lang='lat' dir='ltr'><strong>auspiciorum</strong></span> <span class='ocrx_word' id='word_1_15' title='bbox 493 391 724 469; x_wconf 90' lang='lat' dir='ltr'><strong>repetendorum</strong></span> <span class='ocrx_word' id='word_1_16' title='bbox 754 408 840 453; x_wconf 89' lang='lat' dir='ltr'><strong>causa</strong></span> <span class='ocrx_word' id='word_1_17' title='bbox 873 392 1006 471; x_wconf 88' lang='lat' dir='ltr'><strong>prolecto</strong></span> <span class='ocrx_word' id='word_1_18' title='bbox 1037 392 1169 455; x_wconf 84' lang='lat' dir='ltr'><strong>Romam.</strong></span> 
     </span>
     <span class='ocr_line' id='line_1_4' title="bbox 90 474 1208 556; baseline 0.003 -19"><span class='ocrx_word' id='word_1_19' title='bbox 90 476 261 537; x_wconf 74' lang='lat' dir='ltr'><strong>Marcellum</strong></span> <span class='ocrx_word' id='word_1_20' title='bbox 285 482 315 537; x_wconf 89' lang='lat' dir='ltr'><strong>et</strong></span> <span class='ocrx_word' id='word_1_21' title='bbox 338 474 434 553; x_wconf 91' lang='lat' dir='ltr'><strong>ipsum</strong></span> <span class='ocrx_word' id='word_1_22' title='bbox 454 475 623 554; x_wconf 90' lang='lat' dir='ltr'><strong>cupientem</strong></span> <span class='ocrx_word' id='word_1_23' title='bbox 646 476 723 540; x_wconf 82' lang='lat' dir='ltr'><strong>terre</strong></span> <span class='ocrx_word' id='word_1_24' title='bbox 746 476 886 538; x_wconf 80' lang='lat' dir='ltr'><strong>auxilium</strong></span> <span class='ocrx_word' id='word_1_25' title='bbox 910 477 1036 556; x_wconf 89' lang='lat' dir='ltr'><strong>opsessis</strong></span> <span class='ocrx_word' id='word_1_26' title='bbox 1059 486 1088 539; x_wconf 92' lang='lat' dir='ltr'><strong>et</strong></span> <span class='ocrx_word' id='word_1_27' title='bbox 1103 478 1208 540; x_wconf 81' lang='lat' dir='ltr'><strong>Vol-4</strong></span> 
     </span>
     <span class='ocr_line' id='line_1_5' title="bbox 90 560 1171 639; baseline 0.002 -18"><span class='ocrx_word' id='word_1_28' title='bbox 90 573 199 622; x_wconf 89' lang='lat' dir='ltr'><strong>turnus</strong></span> <span class='ocrx_word' id='word_1_29' title='bbox 212 561 310 622; x_wconf 90' lang='lat' dir='ltr'><strong>amnis</strong></span> <span class='ocrx_word' id='word_1_30' title='bbox 329 561 448 621; x_wconf 87' lang='lat' dir='ltr'><strong>indatus</strong></span> <span class='ocrx_word' id='word_1_31' title='bbox 469 560 553 639; x_wconf 91' lang='lat' dir='ltr'><strong>aquis</strong></span> <span class='ocrx_word' id='word_1_32' title='bbox 575 570 604 621; x_wconf 92' lang='lat' dir='ltr'><strong>et</strong></span> <span class='ocrx_word' id='word_1_33' title='bbox 622 578 727 639; x_wconf 90' lang='lat' dir='ltr'><strong>preces</strong></span> <span class='ocrx_word' id='word_1_34' title='bbox 742 560 921 623; x_wconf 91' lang='lat' dir='ltr'><strong>Nolanorum</strong></span> <span class='ocrx_word' id='word_1_35' title='bbox 937 562 1171 624; x_wconf 77' lang='lat' dir='ltr'><strong>Acerranorum-</strong></span> 
     </span>
     <span class='ocr_line' id='line_1_6' title="bbox 55 645 1169 726; baseline 0.004 -22"><span class='ocrx_word' id='word_1_36' title='bbox 55 656 147 726; x_wconf 80' lang='lat' dir='ltr'><strong>tque</strong></span> <span class='ocrx_word' id='word_1_37' title='bbox 175 645 322 707; x_wconf 92' lang='lat' dir='ltr'><strong>tenebant</strong></span> <span class='ocrx_word' id='word_1_38' title='bbox 344 645 509 725; x_wconf 82' lang='lat' dir='ltr'><strong>Campanos</strong></span> <span class='ocrx_word' id='word_1_39' title='bbox 535 646 719 719; x_wconf 80' lang='lat' dir='ltr'><strong>timentium,</strong></span> <span class='ocrx_word' id='word_1_40' title='bbox 748 646 772 707; x_wconf 93' lang='lat' dir='ltr'><strong>si</strong></span> <span class='ocrx_word' id='word_1_41' title='bbox 802 646 980 726; x_wconf 81' lang='lat' dir='ltr'><strong>praesidium</strong></span> <span class='ocrx_word' id='word_1_42' title='bbox 1003 648 1169 709; x_wconf 82' lang='lat' dir='ltr'><strong>Romanum</strong></span> 
     </span>
     <span class='ocr_line' id='line_1_7' title="bbox 89 729 1207 812; baseline 0.002 -21"><span class='ocrx_word' id='word_1_43' title='bbox 89 730 291 793; x_wconf 73' lang='lat' dir='ltr'><strong>abscessisset.</strong></span> <span class='ocrx_word' id='word_1_44' title='bbox 318 730 468 792; x_wconf 82' lang='lat' dir='ltr'><strong>Gracchus</strong></span> <span class='ocrx_word' id='word_1_45' title='bbox 479 730 616 791; x_wconf 87' lang='lat' dir='ltr'><strong>adsidens</strong></span> <span class='ocrx_word' id='word_1_46' title='bbox 629 739 744 791; x_wconf 89' lang='lat' dir='ltr'><strong>tantum</strong></span> <span class='ocrx_word' id='word_1_47' title='bbox 757 729 893 805; x_wconf 82' lang='lat' dir='ltr'><strong>Casilino,</strong></span> <span class='ocrx_word' id='word_1_48' title='bbox 910 732 977 811; x_wconf 90' lang='lat' dir='ltr'><strong>quia</strong></span> <span class='ocrx_word' id='word_1_49' title='bbox 989 733 1171 812; x_wconf 89' lang='lat' dir='ltr'><strong>praedictum</strong></span> <span class='ocrx_word' id='word_1_50' title='bbox 1193 745 1207 793; x_wconf 82' lang='lat' dir='ltr'><strong>t</strong></span> 
     </span>
     <span class='ocr_line' id='line_1_8' title="bbox 89 815 1171 895; baseline 0.002 -18"><span class='ocrx_word' id='word_1_51' title='bbox 89 826 154 877; x_wconf 87' lang='lat' dir='ltr'><strong>erat</strong></span> <span class='ocrx_word' id='word_1_52' title='bbox 176 816 338 890; x_wconf 89' lang='lat' dir='ltr'><strong>dictatoris,</strong></span> <span class='ocrx_word' id='word_1_53' title='bbox 362 815 486 894; x_wconf 90' lang='lat' dir='ltr'><strong>nequid</strong></span> <span class='ocrx_word' id='word_1_54' title='bbox 509 815 631 877; x_wconf 91' lang='lat' dir='ltr'><strong>absente</strong></span> <span class='ocrx_word' id='word_1_55' title='bbox 653 833 690 876; x_wconf 91' lang='lat' dir='ltr'><strong>eo</strong></span> <span class='ocrx_word' id='word_1_56' title='bbox 712 817 756 877; x_wconf 91' lang='lat' dir='ltr'><strong>rei</strong></span> <span class='ocrx_word' id='word_1_57' title='bbox 777 826 903 895; x_wconf 81' lang='lat' dir='ltr'><strong>gereret,</strong></span> <span class='ocrx_word' id='word_1_58' title='bbox 928 816 999 877; x_wconf 92' lang='lat' dir='ltr'><strong>nihil</strong></span> <span class='ocrx_word' id='word_1_59' title='bbox 1022 818 1171 894; x_wconf 91' lang='lat' dir='ltr'><strong>mouebat,</strong></span> 
     </span>
     <span class='ocr_line' id='line_1_9' title="bbox 89 900 1170 981; baseline 0.003 -20"><span class='ocrx_word' id='word_1_60' title='bbox 89 919 281 981; x_wconf 89' lang='lat' dir='ltr'><strong>quamquam,</strong></span> <span class='ocrx_word' id='word_1_61' title='bbox 297 919 373 980; x_wconf 91' lang='lat' dir='ltr'><strong>quae</strong></span> <span class='ocrx_word' id='word_1_62' title='bbox 388 900 473 961; x_wconf 82' lang='lat' dir='ltr'><strong>facile</strong></span> <span class='ocrx_word' id='word_1_63' title='bbox 488 919 607 961; x_wconf 91' lang='lat' dir='ltr'><strong>omnem</strong></span> <span class='ocrx_word' id='word_1_64' title='bbox 621 901 791 980; x_wconf 92' lang='lat' dir='ltr'><strong>patientiam</strong></span> <span class='ocrx_word' id='word_1_65' title='bbox 808 901 974 975; x_wconf 89' lang='lat' dir='ltr'><strong>uincerent,</strong></span> <span class='ocrx_word' id='word_1_66' title='bbox 991 902 1170 964; x_wconf 91' lang='lat' dir='ltr'><strong>nuntiaban-</strong></span> 
     </span>
     <span class='ocr_line' id='line_1_10' title="bbox 89 986 1208 1065; baseline 0.001 -19"><span class='ocrx_word' id='word_1_67' title='bbox 89 998 140 1047; x_wconf 91' lang='lat' dir='ltr'><strong>tur</strong></span> <span class='ocrx_word' id='word_1_68' title='bbox 155 1004 173 1046; x_wconf 93' lang='lat' dir='ltr'><strong>a</strong></span> <span class='ocrx_word' id='word_1_69' title='bbox 189 986 333 1047; x_wconf 77' lang='lat' dir='ltr'><strong>sasilino:</strong></span> <span class='ocrx_word' id='word_1_70' title='bbox 356 1004 425 1046; x_wconf 90' lang='lat' dir='ltr'><strong>nam</strong></span> <span class='ocrx_word' id='word_1_71' title='bbox 448 994 477 1046; x_wconf 92' lang='lat' dir='ltr'><strong>et</strong></span> <span class='ocrx_word' id='word_1_72' title='bbox 492 986 702 1065; x_wconf 89' lang='lat' dir='ltr'><strong>praecipitasse</strong></span> <span class='ocrx_word' id='word_1_73' title='bbox 722 1006 753 1047; x_wconf 86' lang='lat' dir='ltr'><strong>se</strong></span> <span class='ocrx_word' id='word_1_74' title='bbox 769 987 909 1065; x_wconf 87' lang='lat' dir='ltr'><strong>quosdam</strong></span> <span class='ocrx_word' id='word_1_75' title='bbox 935 1005 994 1048; x_wconf 92' lang='lat' dir='ltr'><strong>non</strong></span> <span class='ocrx_word' id='word_1_76' title='bbox 1012 988 1173 1050; x_wconf 83' lang='lat' dir='ltr'><strong>tolerantes</strong></span> <span class='ocrx_word' id='word_1_77' title='bbox 1192 997 1208 1047; x_wconf 84' lang='lat'><strong>6</strong></span> 
     </span>
     <span class='ocr_line' id='line_1_11' title="bbox 45 1068 1170 1153; baseline 0.004 -24"><span class='ocrx_word' id='word_1_78' title='bbox 45 1080 69 1129; x_wconf 88' lang='lat' dir='ltr'><strong>tu</strong></span> <span class='ocrx_word' id='word_1_79' title='bbox 87 1074 197 1133; x_wconf 81' lang='lat' dir='ltr'><strong>famem</strong></span> <span class='ocrx_word' id='word_1_80' title='bbox 221 1068 387 1143; x_wconf 85' lang='lat' dir='ltr'><strong>constabat,</strong></span> <span class='ocrx_word' id='word_1_81' title='bbox 414 1080 444 1132; x_wconf 90' lang='lat' dir='ltr'><strong>et</strong></span> <span class='ocrx_word' id='word_1_82' title='bbox 464 1080 541 1131; x_wconf 85' lang='lat' dir='ltr'><strong>stare</strong></span> <span class='ocrx_word' id='word_1_83' title='bbox 564 1071 694 1132; x_wconf 91' lang='lat' dir='ltr'><strong>inermes</strong></span> <span class='ocrx_word' id='word_1_84' title='bbox 716 1072 745 1131; x_wconf 96' lang='lat' dir='ltr'><strong>in</strong></span> <span class='ocrx_word' id='word_1_85' title='bbox 770 1073 862 1132; x_wconf 88' lang='lat' dir='ltr'><strong>muris</strong></span> <span class='ocrx_word' id='word_1_86' title='bbox 886 1072 964 1134; x_wconf 94' lang='lat' dir='ltr'><strong>nuda</strong></span> <span class='ocrx_word' id='word_1_87' title='bbox 986 1090 1112 1153; x_wconf 91' lang='lat' dir='ltr'><strong>corpora</strong></span> <span class='ocrx_word' id='word_1_88' title='bbox 1135 1075 1170 1135; x_wconf 93' lang='lat' dir='ltr'><strong>ad</strong></span> 
     </span>
     <span class='ocr_line' id='line_1_12' title="bbox 87 1155 1208 1236; baseline 0.002 -19"><span class='ocrx_word' id='word_1_89' title='bbox 87 1156 246 1218; x_wconf 83' lang='lat' dir='ltr'><strong>missilium</strong></span> <span class='ocrx_word' id='word_1_90' title='bbox 261 1156 388 1216; x_wconf 89' lang='lat' dir='ltr'><strong>telorum</strong></span> <span class='ocrx_word' id='word_1_91' title='bbox 404 1157 482 1216; x_wconf 88' lang='lat' dir='ltr'><strong>ictus</strong></span> <span class='ocrx_word' id='word_1_92' title='bbox 496 1155 682 1234; x_wconf 85' lang='lat' dir='ltr'><strong>praebentes.</strong></span> <span class='ocrx_word' id='word_1_93' title='bbox 721 1174 755 1217; x_wconf 92' lang='lat' dir='ltr'><strong>ea</strong></span> <span class='ocrx_word' id='word_1_94' title='bbox 776 1173 863 1235; x_wconf 78' lang='lat' dir='ltr'><strong>aegre</strong></span> <span class='ocrx_word' id='word_1_95' title='bbox 879 1158 995 1236; x_wconf 89' lang='lat' dir='ltr'><strong>patiens</strong></span> <span class='ocrx_word' id='word_1_96' title='bbox 1010 1156 1172 1231; x_wconf 85' lang='lat' dir='ltr'><strong>Gracchus,</strong></span> <span class='ocrx_word' id='word_1_97' title='bbox 1193 1169 1208 1218; x_wconf 86' lang='lat' dir='ltr'><strong>t</strong></span> 
     </span>
     <span class='ocr_line' id='line_1_13' title="bbox 87 1241 1172 1323; baseline 0 -20"><span class='ocrx_word' id='word_1_98' title='bbox 87 1260 159 1303; x_wconf 91' lang='lat' dir='ltr'><strong>cum</strong></span> <span class='ocrx_word' id='word_1_99' title='bbox 175 1259 275 1319; x_wconf 91' lang='lat' dir='ltr'><strong>neque</strong></span> <span class='ocrx_word' id='word_1_100' title='bbox 291 1258 421 1320; x_wconf 78' lang='lat' dir='ltr'><strong>pugnam</strong></span> <span class='ocrx_word' id='word_1_101' title='bbox 436 1258 596 1302; x_wconf 86' lang='lat' dir='ltr'><strong>conserere</strong></span> <span class='ocrx_word' id='word_1_102' title='bbox 611 1241 762 1302; x_wconf 90' lang='lat' dir='ltr'><strong>dictatoris</strong></span> <span class='ocrx_word' id='word_1_103' title='bbox 785 1241 898 1302; x_wconf 92' lang='lat' dir='ltr'><strong>iniussu</strong></span> <span class='ocrx_word' id='word_1_104' title='bbox 921 1242 1099 1303; x_wconf 90' lang='lat' dir='ltr'><strong>auderet-</strong></span> <span class='ocrx_word' id='word_1_105' title='bbox 1115 1262 1172 1323; x_wconf 91' lang='lat' dir='ltr'><strong>pu-</strong></span> 
     </span>
     <span class='ocr_line' id='line_1_14' title="bbox 88 1324 1170 1406; baseline 0.002 -20"><span class='ocrx_word' id='word_1_106' title='bbox 88 1326 245 1406; x_wconf 81' lang='lat' dir='ltr'><strong>gnandum</strong></span> <span class='ocrx_word' id='word_1_107' title='bbox 260 1335 359 1386; x_wconf 91' lang='lat' dir='ltr'><strong>autem</strong></span> <span class='ocrx_word' id='word_1_108' title='bbox 374 1344 449 1398; x_wconf 85' lang='lat' dir='ltr'><strong>esse,</strong></span> <span class='ocrx_word' id='word_1_109' title='bbox 464 1324 489 1387; x_wconf 87' lang='lat' dir='ltr'><strong>si</strong></span> <span class='ocrx_word' id='word_1_110' title='bbox 503 1325 599 1405; x_wconf 91' lang='lat' dir='ltr'><strong>palam</strong></span> <span class='ocrx_word' id='word_1_111' title='bbox 615 1328 798 1389; x_wconf 84' lang='lat' dir='ltr'><strong>frumentum</strong></span> <span class='ocrx_word' id='word_1_112' title='bbox 811 1326 983 1406; x_wconf 89' lang='lat' dir='ltr'><strong>inportaret,</strong></span> <span class='ocrx_word' id='word_1_113' title='bbox 1001 1326 1119 1389; x_wconf 92' lang='lat' dir='ltr'><strong>uidebat</strong></span> <span class='ocrx_word' id='word_1_114' title='bbox 1130 1362 1170 1373; x_wconf 90' lang='lat'><em>-</em></span> 
     </span>
     <span class='ocr_line' id='line_1_15' title="bbox 90 1410 1208 1491; baseline 0.002 -20"><span class='ocrx_word' id='word_1_115' title='bbox 90 1429 191 1490; x_wconf 91' lang='lat' dir='ltr'><strong>neque</strong></span> <span class='ocrx_word' id='word_1_116' title='bbox 214 1411 290 1471; x_wconf 91' lang='lat' dir='ltr'><strong>clam</strong></span> <span class='ocrx_word' id='word_1_117' title='bbox 305 1410 476 1490; x_wconf 90' lang='lat' dir='ltr'><strong>inportandi</strong></span> <span class='ocrx_word' id='word_1_118' title='bbox 499 1429 568 1490; x_wconf 86' lang='lat' dir='ltr'><strong>spes</strong></span> <span class='ocrx_word' id='word_1_119' title='bbox 590 1419 675 1483; x_wconf 89' lang='lat' dir='ltr'><strong>esset,</strong></span> <span class='ocrx_word' id='word_1_120' title='bbox 699 1412 777 1473; x_wconf 90' lang='lat' dir='ltr'><strong>larre</strong></span> <span class='ocrx_word' id='word_1_121' title='bbox 793 1430 828 1471; x_wconf 83' lang='lat' dir='ltr'><strong>cn</strong></span> <span class='ocrx_word' id='word_1_122' title='bbox 843 1412 921 1490; x_wconf 81' lang='lat' dir='ltr'><strong>agris</strong></span> <span class='ocrx_word' id='word_1_123' title='bbox 941 1412 1019 1472; x_wconf 90' lang='lat' dir='ltr'><strong>circa</strong></span> <span class='ocrx_word' id='word_1_124' title='bbox 1041 1412 1172 1491; x_wconf 93' lang='lat' dir='ltr'><strong>undique</strong></span> <span class='ocrx_word' id='word_1_125' title='bbox 1193 1421 1208 1472; x_wconf 88' lang='lat'>8</span> 
     </span>
     <span class='ocr_line' id='line_1_16' title="bbox 46 1495 1171 1576; baseline 0 -19"><span class='ocrx_word' id='word_1_126' title='bbox 46 1502 69 1549; x_wconf 86' lang='lat' dir='ltr'><strong>tt</strong></span> <span class='ocrx_word' id='word_1_127' title='bbox 88 1504 241 1557; x_wconf 87' lang='lat' dir='ltr'><strong>conuecto</strong></span> <span class='ocrx_word' id='word_1_128' title='bbox 258 1514 328 1557; x_wconf 91' lang='lat' dir='ltr'><strong>cum</strong></span> <span class='ocrx_word' id='word_1_129' title='bbox 343 1496 488 1575; x_wconf 86' lang='lat' dir='ltr'><strong>conplura</strong></span> <span class='ocrx_word' id='word_1_130' title='bbox 503 1495 579 1556; x_wconf 93' lang='lat' dir='ltr'><strong>dolia</strong></span> <span class='ocrx_word' id='word_1_131' title='bbox 602 1496 780 1574; x_wconf 86' lang='lat' dir='ltr'><strong>conplesset,</strong></span> <span class='ocrx_word' id='word_1_132' title='bbox 804 1496 941 1557; x_wconf 90' lang='lat' dir='ltr'><strong>nuntium</strong></span> <span class='ocrx_word' id='word_1_133' title='bbox 965 1497 1001 1557; x_wconf 93' lang='lat' dir='ltr'><strong>ad</strong></span> <span class='ocrx_word' id='word_1_134' title='bbox 1017 1498 1171 1576; x_wconf 81' lang='lat' dir='ltr'><strong>magistra-</strong></span> 
     </span>
     <span class='ocr_line' id='line_1_17' title="bbox 90 1580 1170 1661; baseline 0 -19"><span class='ocrx_word' id='word_1_135' title='bbox 90 1592 155 1643; x_wconf 91' lang='lat' dir='ltr'><strong>tum</strong></span> <span class='ocrx_word' id='word_1_136' title='bbox 171 1580 332 1642; x_wconf 83' lang='lat' dir='ltr'><strong>Casilinum</strong></span> <span class='ocrx_word' id='word_1_137' title='bbox 348 1580 437 1652; x_wconf 83' lang='lat' dir='ltr'><strong>misit,</strong></span> <span class='ocrx_word' id='word_1_138' title='bbox 460 1592 493 1641; x_wconf 89' lang='lat' dir='ltr'><strong>ut</strong></span> <span class='ocrx_word' id='word_1_139' title='bbox 514 1581 687 1660; x_wconf 81' lang='lat' dir='ltr'><strong>exciperent</strong></span> <span class='ocrx_word' id='word_1_140' title='bbox 708 1581 794 1652; x_wconf 89' lang='lat' dir='ltr'><strong>dolia,</strong></span> <span class='ocrx_word' id='word_1_141' title='bbox 818 1599 894 1661; x_wconf 90' lang='lat' dir='ltr'><strong>quae</strong></span> <span class='ocrx_word' id='word_1_142' title='bbox 916 1582 1011 1643; x_wconf 92' lang='lat' dir='ltr'><strong>amnis</strong></span> <span class='ocrx_word' id='word_1_143' title='bbox 1033 1583 1170 1643; x_wconf 90' lang='lat' dir='ltr'><strong>dolerret.</strong></span> 
     </span>
     <span class='ocr_line' id='line_1_18' title="bbox 90 1664 1209 1747; baseline -0.001 -20"><span class='ocrx_word' id='word_1_144' title='bbox 90 1666 264 1745; x_wconf 84' lang='lat' dir='ltr'><strong>insequenti</strong></span> <span class='ocrx_word' id='word_1_145' title='bbox 281 1675 369 1726; x_wconf 92' lang='lat' dir='ltr'><strong>nocte</strong></span> <span class='ocrx_word' id='word_1_146' title='bbox 383 1666 507 1727; x_wconf 88' lang='lat' dir='ltr'><strong>intentis</strong></span> <span class='ocrx_word' id='word_1_147' title='bbox 522 1664 661 1727; x_wconf 88' lang='lat' dir='ltr'><strong>omnibus</strong></span> <span class='ocrx_word' id='word_1_148' title='bbox 676 1666 705 1726; x_wconf 95' lang='lat' dir='ltr'><strong>in</strong></span> <span class='ocrx_word' id='word_1_149' title='bbox 723 1666 833 1727; x_wconf 94' lang='lat' dir='ltr'><strong>llumen</strong></span> <span class='ocrx_word' id='word_1_150' title='bbox 857 1685 890 1727; x_wconf 91' lang='lat' dir='ltr'><strong>ac</strong></span> <span class='ocrx_word' id='word_1_151' title='bbox 906 1684 989 1747; x_wconf 88' lang='lat' dir='ltr'><strong>spem</strong></span> <span class='ocrx_word' id='word_1_152' title='bbox 1013 1666 1049 1727; x_wconf 91' lang='lat' dir='ltr'><strong>ab</strong></span> <span class='ocrx_word' id='word_1_153' title='bbox 1066 1668 1172 1728; x_wconf 88' lang='lat' dir='ltr'><strong>nuntio</strong></span> <span class='ocrx_word' id='word_1_154' title='bbox 1194 1676 1209 1726; x_wconf 81' lang='lat' dir='ltr'><strong>e</strong></span> 
     </span>
     <span class='ocr_line' id='line_1_19' title="bbox 90 1750 1171 1831; baseline 0.001 -19"><span class='ocrx_word' id='word_1_155' title='bbox 90 1751 229 1812; x_wconf 86' lang='lat' dir='ltr'><strong>Romano</strong></span> <span class='ocrx_word' id='word_1_156' title='bbox 244 1752 350 1811; x_wconf 85' lang='lat' dir='ltr'><strong>laetam</strong></span> <span class='ocrx_word' id='word_1_157' title='bbox 367 1751 444 1811; x_wconf 92' lang='lat' dir='ltr'><strong>dolia</strong></span> <span class='ocrx_word' id='word_1_158' title='bbox 458 1751 555 1811; x_wconf 90' lang='lat' dir='ltr'><strong>medio</strong></span> <span class='ocrx_word' id='word_1_159' title='bbox 571 1750 658 1811; x_wconf 92' lang='lat' dir='ltr'><strong>missa</strong></span> <span class='ocrx_word' id='word_1_160' title='bbox 675 1751 755 1811; x_wconf 91' lang='lat' dir='ltr'><strong>amni</strong></span> <span class='ocrx_word' id='word_1_161' title='bbox 771 1752 973 1829; x_wconf 82' lang='lat' dir='ltr'><strong>deduxerunt3</strong></span> <span class='ocrx_word' id='word_1_162' title='bbox 996 1753 1171 1831; x_wconf 89' lang='lat' dir='ltr'><strong>aequaliter·</strong></span> 
     </span>
     <span class='ocr_line' id='line_1_20' title="bbox 92 1835 1223 1917; baseline 0.001 -21"><span class='ocrx_word' id='word_1_163' title='bbox 92 1854 151 1915; x_wconf 91' lang='lat' dir='ltr'><strong>que</strong></span> <span class='ocrx_word' id='word_1_164' title='bbox 174 1835 255 1897; x_wconf 92' lang='lat' dir='ltr'><strong>inter</strong></span> <span class='ocrx_word' id='word_1_165' title='bbox 276 1853 381 1896; x_wconf 91' lang='lat' dir='ltr'><strong>omnes</strong></span> <span class='ocrx_word' id='word_1_166' title='bbox 402 1836 585 1896; x_wconf 79' lang='lat' dir='ltr'><strong>frumentum</strong></span> <span class='ocrx_word' id='word_1_167' title='bbox 608 1835 745 1896; x_wconf 91' lang='lat' dir='ltr'><strong>diuisum.</strong></span> <span class='ocrx_word' id='word_1_168' title='bbox 783 1836 810 1896; x_wconf 94' lang='lat' dir='ltr'><strong>id</strong></span> <span class='ocrx_word' id='word_1_169' title='bbox 840 1846 960 1917; x_wconf 91' lang='lat' dir='ltr'><strong>postero</strong></span> <span class='ocrx_word' id='word_1_170' title='bbox 984 1856 1103 1916; x_wconf 90' lang='lat' dir='ltr'><strong>quoque</strong></span> <span class='ocrx_word' id='word_1_171' title='bbox 1126 1838 1172 1899; x_wconf 92' lang='lat' dir='ltr'><strong>die</strong></span> <span class='ocrx_word' id='word_1_172' title='bbox 1195 1845 1223 1897; x_wconf 91' lang='lat' dir='ltr'><strong>to</strong></span> 
     </span>
     <span class='ocr_line' id='line_1_21' title="bbox 46 1918 1171 2000; baseline 0.004 -23"><span class='ocrx_word' id='word_1_173' title='bbox 46 1926 72 1977; x_wconf 85' lang='lat' dir='ltr'><strong>to</strong></span> <span class='ocrx_word' id='word_1_174' title='bbox 91 1940 125 1981; x_wconf 85' lang='lat' dir='ltr'><strong>ae</strong></span> <span class='ocrx_word' id='word_1_175' title='bbox 148 1921 238 1981; x_wconf 86' lang='lat' dir='ltr'><strong>tertio</strong></span> <span class='ocrx_word' id='word_1_176' title='bbox 260 1920 370 1981; x_wconf 86' lang='lat' dir='ltr'><strong>lactum</strong></span> <span class='ocrx_word' id='word_1_177' title='bbox 392 1930 452 1995; x_wconf 83' lang='lat' dir='ltr'><strong>est3</strong></span> <span class='ocrx_word' id='word_1_178' title='bbox 475 1928 563 1980; x_wconf 92' lang='lat' dir='ltr'><strong>nocte</strong></span> <span class='ocrx_word' id='word_1_179' title='bbox 583 1928 613 1981; x_wconf 93' lang='lat' dir='ltr'><strong>et</strong></span> <span class='ocrx_word' id='word_1_180' title='bbox 627 1918 820 1981; x_wconf 86' lang='lat' dir='ltr'><strong>mittebantur</strong></span> <span class='ocrx_word' id='word_1_181' title='bbox 836 1930 864 1982; x_wconf 91' lang='lat' dir='ltr'><strong>et</strong></span> <span class='ocrx_word' id='word_1_182' title='bbox 880 1923 1112 2000; x_wconf 88' lang='lat' dir='ltr'><strong>perueniebant;</strong></span> <span class='ocrx_word' id='word_1_183' title='bbox 1135 1942 1171 1982; x_wconf 92' lang='lat' dir='ltr'><strong>eo</strong></span> 
     </span>
     <span class='ocr_line' id='line_1_22' title="bbox 92 2003 1222 2069; baseline -0.001 -2"><span class='ocrx_word' id='word_1_184' title='bbox 92 2006 244 2067; x_wconf 85' lang='lat' dir='ltr'><strong>custodias</strong></span> <span class='ocrx_word' id='word_1_185' title='bbox 265 2005 393 2067; x_wconf 90' lang='lat' dir='ltr'><strong>bostium</strong></span> <span class='ocrx_word' id='word_1_186' title='bbox 416 2004 564 2065; x_wconf 85' lang='lat' dir='ltr'><strong>fallebant.</strong></span> <span class='ocrx_word' id='word_1_187' title='bbox 602 2003 747 2066; x_wconf 88' lang='lat' dir='ltr'><strong>imbribus</strong></span> <span class='ocrx_word' id='word_1_188' title='bbox 762 2004 869 2067; x_wconf 91' lang='lat' dir='ltr'><strong>deinde</strong></span> <span class='ocrx_word' id='word_1_189' title='bbox 885 2007 1035 2069; x_wconf 89' lang='lat' dir='ltr'><strong>continuis</strong></span> <span class='ocrx_word' id='word_1_190' title='bbox 1057 2008 1173 2069; x_wconf 89' lang='lat' dir='ltr'><strong>citatior</strong></span> <span class='ocrx_word' id='word_1_191' title='bbox 1195 2014 1222 2066; x_wconf 95' lang='grc'><strong>11</strong></span> 
     </span>
     <span class='ocr_line' id='line_1_23' title="bbox 92 2089 1171 2173; baseline 0.003 -21"><span class='ocrx_word' id='word_1_192' title='bbox 92 2091 179 2152; x_wconf 87' lang='lat' dir='ltr'><strong>solito</strong></span> <span class='ocrx_word' id='word_1_193' title='bbox 202 2090 300 2152; x_wconf 90' lang='lat' dir='ltr'><strong>amuis</strong></span> <span class='ocrx_word' id='word_1_194' title='bbox 322 2099 492 2152; x_wconf 89' lang='lat' dir='ltr'><strong>transuerso</strong></span> <span class='ocrx_word' id='word_1_195' title='bbox 515 2089 628 2152; x_wconf 90' lang='lat' dir='ltr'><strong>uertice</strong></span> <span class='ocrx_word' id='word_1_196' title='bbox 650 2090 726 2152; x_wconf 90' lang='lat' dir='ltr'><strong>dolia</strong></span> <span class='ocrx_word' id='word_1_197' title='bbox 749 2091 865 2173; x_wconf 90' lang='lat' dir='ltr'><strong>impulit</strong></span> <span class='ocrx_word' id='word_1_198' title='bbox 887 2093 921 2153; x_wconf 92' lang='lat' dir='ltr'><strong>ad</strong></span> <span class='ocrx_word' id='word_1_199' title='bbox 944 2092 1054 2172; x_wconf 88' lang='lat' dir='ltr'><strong>ripam,</strong></span> <span class='ocrx_word' id='word_1_200' title='bbox 1084 2111 1171 2172; x_wconf 92' lang='lat' dir='ltr'><strong>quam</strong></span> 
     </span>
     <span class='ocr_line' id='line_1_24' title="bbox 92 2174 1171 2256; baseline 0.002 -18"><span class='ocrx_word' id='word_1_201' title='bbox 92 2177 193 2238; x_wconf 86' lang='lat' dir='ltr'><strong>bostes</strong></span> <span class='ocrx_word' id='word_1_202' title='bbox 216 2174 385 2238; x_wconf 88' lang='lat' dir='ltr'><strong>seruabant</strong></span> <span class='ocrx_word' id='word_1_203' title='bbox 421 2175 462 2237; x_wconf 95' lang='lat' dir='ltr'><strong>ibi</strong></span> <span class='ocrx_word' id='word_1_204' title='bbox 484 2177 634 2237; x_wconf 89' lang='lat' dir='ltr'><strong>haerentia</strong></span> <span class='ocrx_word' id='word_1_205' title='bbox 656 2176 736 2237; x_wconf 90' lang='lat' dir='ltr'><strong>inter</strong></span> <span class='ocrx_word' id='word_1_206' title='bbox 751 2176 860 2238; x_wconf 92' lang='lat' dir='ltr'><strong>obnata</strong></span> <span class='ocrx_word' id='word_1_207' title='bbox 882 2177 954 2256; x_wconf 92' lang='lat' dir='ltr'><strong>ripis</strong></span> <span class='ocrx_word' id='word_1_208' title='bbox 976 2177 1075 2238; x_wconf 90' lang='lat' dir='ltr'><strong>salicta</strong></span> <span class='ocrx_word' id='word_1_209' title='bbox 1098 2198 1171 2241; x_wconf 91' lang='lat' dir='ltr'><strong>oon-</strong></span> 
     </span>
     <span class='ocr_line' id='line_1_25' title="bbox 92 2260 1172 2340; baseline 0 -17"><span class='ocrx_word' id='word_1_210' title='bbox 92 2261 279 2340; x_wconf 86' lang='lat' dir='ltr'><strong>spiciuntur,</strong></span> <span class='ocrx_word' id='word_1_211' title='bbox 312 2262 541 2340; x_wconf 89' lang='lat' dir='ltr'><strong>nuntiatumque</strong></span> <span class='ocrx_word' id='word_1_212' title='bbox 563 2260 720 2322; x_wconf 85' lang='lat' dir='ltr'><strong>Hannibali</strong></span> <span class='ocrx_word' id='word_1_213' title='bbox 743 2273 803 2334; x_wconf 90' lang='lat' dir='ltr'><strong>est,</strong></span> <span class='ocrx_word' id='word_1_214' title='bbox 832 2273 857 2322; x_wconf 92' lang='lat' dir='ltr'><strong>et</strong></span> <span class='ocrx_word' id='word_1_215' title='bbox 882 2262 988 2323; x_wconf 91' lang='lat' dir='ltr'><strong>deinde</strong></span> <span class='ocrx_word' id='word_1_216' title='bbox 1011 2263 1172 2324; x_wconf 86' lang='lat' dir='ltr'><strong>intentiore</strong></span> 
     </span>
     <span class='ocr_line' id='line_1_26' title="bbox 46 2345 1170 2424; baseline 0.004 -20"><span class='ocrx_word' id='word_1_217' title='bbox 46 2353 71 2404; x_wconf 80' lang='lat' dir='ltr'><strong>ta</strong></span> <span class='ocrx_word' id='word_1_218' title='bbox 92 2345 224 2408; x_wconf 84' lang='lat' dir='ltr'><strong>custodia</strong></span> <span class='ocrx_word' id='word_1_219' title='bbox 248 2355 377 2418; x_wconf 91' lang='lat' dir='ltr'><strong>cautum,</strong></span> <span class='ocrx_word' id='word_1_220' title='bbox 401 2363 439 2406; x_wconf 93' lang='lat' dir='ltr'><strong>ne</strong></span> <span class='ocrx_word' id='word_1_221' title='bbox 461 2345 533 2424; x_wconf 93' lang='lat' dir='ltr'><strong>quid</strong></span> <span class='ocrx_word' id='word_1_222' title='bbox 555 2345 669 2407; x_wconf 78' lang='lat' dir='ltr'><strong>falleret</strong></span> <span class='ocrx_word' id='word_1_223' title='bbox 686 2346 830 2408; x_wconf 89' lang='lat' dir='ltr'><strong>Volturno</strong></span> <span class='ocrx_word' id='word_1_224' title='bbox 853 2347 887 2406; x_wconf 79' lang='lat' dir='ltr'><strong>atl</strong></span> <span class='ocrx_word' id='word_1_225' title='bbox 911 2347 1015 2407; x_wconf 90' lang='lat' dir='ltr'><strong>urbem</strong></span> <span class='ocrx_word' id='word_1_226' title='bbox 1040 2348 1170 2408; x_wconf 90' lang='lat' dir='ltr'><strong>missum.</strong></span> 
     </span>
     <span class='ocr_line' id='line_1_27' title="bbox 94 2430 1223 2505; baseline -0.001 -15"><span class='ocrx_word' id='word_1_227' title='bbox 94 2449 187 2492; x_wconf 88' lang='lat' dir='ltr'><strong>nuces</strong></span> <span class='ocrx_word' id='word_1_228' title='bbox 208 2439 309 2490; x_wconf 90' lang='lat' dir='ltr'><strong>tamen</strong></span> <span class='ocrx_word' id='word_1_229' title='bbox 333 2431 414 2492; x_wconf 89' lang='lat' dir='ltr'><strong>lusae</strong></span> <span class='ocrx_word' id='word_1_230' title='bbox 443 2431 479 2490; x_wconf 85' lang='lat' dir='ltr'><strong>ab</strong></span> <span class='ocrx_word' id='word_1_231' title='bbox 503 2430 644 2492; x_wconf 86' lang='lat' dir='ltr'><strong>Romanis</strong></span> <span class='ocrx_word' id='word_1_232' title='bbox 668 2431 788 2505; x_wconf 89' lang='lat' dir='ltr'><strong>castris,</strong></span> <span class='ocrx_word' id='word_1_233' title='bbox 819 2449 885 2492; x_wconf 89' lang='lat' dir='ltr'><strong>cum</strong></span> <span class='ocrx_word' id='word_1_234' title='bbox 916 2431 1012 2492; x_wconf 90' lang='lat' dir='ltr'><strong>medio</strong></span> <span class='ocrx_word' id='word_1_235' title='bbox 1035 2432 1114 2492; x_wconf 89' lang='lat' dir='ltr'><strong>amni</strong></span> <span class='ocrx_word' id='word_1_236' title='bbox 1137 2433 1171 2493; x_wconf 93' lang='lat' dir='ltr'><strong>ad</strong></span> <span class='ocrx_word' id='word_1_237' title='bbox 1195 2438 1223 2490; x_wconf 85' lang='lat' dir='ltr'><strong>tt</strong></span> 
     </span>
     <span class='ocr_line' id='line_1_28' title="bbox 94 2514 1222 2595; baseline -0.003 -19"><span class='ocrx_word' id='word_1_238' title='bbox 94 2515 254 2576; x_wconf 80' lang='lat' dir='ltr'><strong>Casilinum</strong></span> <span class='ocrx_word' id='word_1_239' title='bbox 277 2515 451 2585; x_wconf 84' lang='lat' dir='ltr'><strong>defluerent,</strong></span> <span class='ocrx_word' id='word_1_240' title='bbox 480 2514 611 2576; x_wconf 84' lang='lat' dir='ltr'><strong>cratibus</strong></span> <span class='ocrx_word' id='word_1_241' title='bbox 634 2515 867 2595; x_wconf 86' lang='lat' dir='ltr'><strong>excipiebantur.</strong></span> <span class='ocrx_word' id='word_1_242' title='bbox 911 2526 1061 2595; x_wconf 88' lang='lat' dir='ltr'><strong>postremo</strong></span> <span class='ocrx_word' id='word_1_243' title='bbox 1085 2517 1171 2578; x_wconf 89' lang='lat' dir='ltr'><strong>adid</strong></span> <span class='ocrx_word' id='word_1_244' title='bbox 1195 2523 1222 2574; x_wconf 85' lang='lat' dir='ltr'><strong>tt</strong></span> 
     </span>
     <span class='ocr_line' id='line_1_29' title="bbox 94 2600 1171 2680; baseline 0.003 -20"><span class='ocrx_word' id='word_1_245' title='bbox 94 2610 217 2662; x_wconf 86' lang='lat' dir='ltr'><strong>uentum</strong></span> <span class='ocrx_word' id='word_1_246' title='bbox 240 2600 360 2679; x_wconf 89' lang='lat' dir='ltr'><strong>inopiae</strong></span> <span class='ocrx_word' id='word_1_247' title='bbox 381 2610 434 2673; x_wconf 89' lang='lat' dir='ltr'><strong>eat,</strong></span> <span class='ocrx_word' id='word_1_248' title='bbox 458 2610 491 2661; x_wconf 94' lang='lat' dir='ltr'><strong>ut</strong></span> <span class='ocrx_word' id='word_1_249' title='bbox 513 2600 575 2660; x_wconf 90' lang='lat' dir='ltr'><strong>lora</strong></span> <span class='ocrx_word' id='word_1_250' title='bbox 590 2602 796 2680; x_wconf 86' lang='lat' dir='ltr'><strong>detractasque</strong></span> <span class='ocrx_word' id='word_1_251' title='bbox 816 2603 907 2663; x_wconf 90' lang='lat' dir='ltr'><strong>scutis</strong></span> <span class='ocrx_word' id='word_1_252' title='bbox 923 2602 1022 2680; x_wconf 87' lang='lat' dir='ltr'><strong>pelles,</strong></span> <span class='ocrx_word' id='word_1_253' title='bbox 1046 2601 1096 2663; x_wconf 81' lang='lat' dir='ltr'><strong>ulti</strong></span> <span class='ocrx_word' id='word_1_254' title='bbox 1112 2602 1171 2663; x_wconf 89' lang='lat' dir='ltr'><strong>ler-</strong></span> 
     </span>
     <span class='ocr_line' id='line_1_30' title="bbox 93 2685 1172 2763; baseline 0.004 -19"><span class='ocrx_word' id='word_1_255' title='bbox 93 2687 161 2746; x_wconf 91' lang='lat' dir='ltr'><strong>uida</strong></span> <span class='ocrx_word' id='word_1_256' title='bbox 184 2685 350 2746; x_wconf 85' lang='lat' dir='ltr'><strong>mollissent</strong></span> <span class='ocrx_word' id='word_1_257' title='bbox 371 2703 456 2763; x_wconf 88' lang='lat' dir='ltr'><strong>aqua,</strong></span> <span class='ocrx_word' id='word_1_258' title='bbox 479 2686 621 2746; x_wconf 90' lang='lat' dir='ltr'><strong>mandere</strong></span> <span class='ocrx_word' id='word_1_259' title='bbox 638 2697 821 2747; x_wconf 90' lang='lat' dir='ltr'><strong>conarentur</strong></span> <span class='ocrx_word' id='word_1_260' title='bbox 843 2705 899 2748; x_wconf 93' lang='lat' dir='ltr'><strong>nec</strong></span> <span class='ocrx_word' id='word_1_261' title='bbox 922 2686 1055 2748; x_wconf 92' lang='lat' dir='ltr'><strong>muribus</strong></span> <span class='ocrx_word' id='word_1_262' title='bbox 1078 2686 1172 2748; x_wconf 90' lang='lat' dir='ltr'><strong>alioue</strong></span> 
     </span>
     <span class='ocr_line' id='line_1_31' title="bbox 49 2768 1171 2851; baseline 0.005 -25"><span class='ocrx_word' id='word_1_263' title='bbox 49 2778 75 2826; x_wconf 81' lang='lat' dir='ltr'><strong>ta</strong></span> <span class='ocrx_word' id='word_1_264' title='bbox 93 2769 212 2830; x_wconf 85' lang='lat' dir='ltr'><strong>animali</strong></span> <span class='ocrx_word' id='word_1_265' title='bbox 227 2768 412 2831; x_wconf 88' lang='lat' dir='ltr'><strong>abstinerent</strong></span> <span class='ocrx_word' id='word_1_266' title='bbox 428 2779 456 2830; x_wconf 91' lang='lat' dir='ltr'><strong>et</strong></span> <span class='ocrx_word' id='word_1_267' title='bbox 472 2789 561 2831; x_wconf 90' lang='lat' dir='ltr'><strong>omne</strong></span> <span class='ocrx_word' id='word_1_268' title='bbox 572 2769 732 2832; x_wconf 90' lang='lat' dir='ltr'><strong>berbarum</strong></span> <span class='ocrx_word' id='word_1_269' title='bbox 745 2771 936 2850; x_wconf 86' lang='lat' dir='ltr'><strong>radicumque</strong></span> <span class='ocrx_word' id='word_1_270' title='bbox 947 2791 1043 2851; x_wconf 82' lang='lat' dir='ltr'><strong>genus</strong></span> <span class='ocrx_word' id='word_1_271' title='bbox 1057 2772 1171 2851; x_wconf 78' lang='lat' dir='ltr'><strong>aggeri-</strong></span> 
     </span>
     <span class='ocr_line' id='line_1_32' title="bbox 95 2853 1223 2937; baseline 0.001 -24"><span class='ocrx_word' id='word_1_272' title='bbox 95 2853 151 2916; x_wconf 92' lang='lat' dir='ltr'><strong>bus</strong></span> <span class='ocrx_word' id='word_1_273' title='bbox 165 2854 277 2916; x_wconf 85' lang='lat' dir='ltr'><strong>intimis</strong></span> <span class='ocrx_word' id='word_1_274' title='bbox 290 2855 369 2914; x_wconf 92' lang='lat' dir='ltr'><strong>muri</strong></span> <span class='ocrx_word' id='word_1_275' title='bbox 385 2863 535 2915; x_wconf 87' lang='lat' dir='ltr'><strong>eruerent.</strong></span> <span class='ocrx_word' id='word_1_276' title='bbox 572 2864 601 2917; x_wconf 95' lang='lat' dir='ltr'><strong>et</strong></span> <span class='ocrx_word' id='word_1_277' title='bbox 617 2873 685 2916; x_wconf 91' lang='lat' dir='ltr'><strong>cum</strong></span> <span class='ocrx_word' id='word_1_278' title='bbox 704 2857 804 2917; x_wconf 92' lang='lat' dir='ltr'><strong>hostes</strong></span> <span class='ocrx_word' id='word_1_279' title='bbox 827 2855 1007 2928; x_wconf 87' lang='lat' dir='ltr'><strong>obarassent,</strong></span> <span class='ocrx_word' id='word_1_280' title='bbox 1031 2857 1172 2937; x_wconf 92' lang='lat' dir='ltr'><strong>quidquid</strong></span> <span class='ocrx_word' id='word_1_281' title='bbox 1195 2865 1223 2915; x_wconf 85' lang='lat' dir='ltr'><strong>tt</strong></span> 
     </span>
     <span class='ocr_line' id='line_1_33' title="bbox 94 2939 1171 3020; baseline 0.003 -21"><span class='ocrx_word' id='word_1_282' title='bbox 94 2939 210 3000; x_wconf 84' lang='lat' dir='ltr'><strong>herbidi</strong></span> <span class='ocrx_word' id='word_1_283' title='bbox 232 2940 343 2999; x_wconf 90' lang='lat' dir='ltr'><strong>terreni</strong></span> <span class='ocrx_word' id='word_1_284' title='bbox 366 2948 449 3000; x_wconf 81' lang='lat' dir='ltr'><strong>extra</strong></span> <span class='ocrx_word' id='word_1_285' title='bbox 471 2958 588 3001; x_wconf 92' lang='lat' dir='ltr'><strong>murum</strong></span> <span class='ocrx_word' id='word_1_286' title='bbox 612 2951 684 3012; x_wconf 90' lang='lat' dir='ltr'><strong>erat,</strong></span> <span class='ocrx_word' id='word_1_287' title='bbox 706 2958 845 3020; x_wconf 89' lang='lat' dir='ltr'><strong>raporum</strong></span> <span class='ocrx_word' id='word_1_288' title='bbox 869 2960 969 3003; x_wconf 91' lang='lat' dir='ltr'><strong>semen</strong></span> <span class='ocrx_word' id='word_1_289' title='bbox 994 2942 1171 3014; x_wconf 89' lang='lat' dir='ltr'><strong>iniecerunt,</strong></span> 
     </span>
     <span class='ocr_line' id='line_1_34' title="bbox 95 3018 1171 3102; baseline 0.004 -18"><span class='ocrx_word' id='word_1_290' title='bbox 95 3035 128 3084; x_wconf 93' lang='lat' dir='ltr'><strong>ut</strong></span> <span class='ocrx_word' id='word_1_291' title='bbox 142 3023 292 3085; x_wconf 83' lang='lat' dir='ltr'><strong>Hannibal</strong></span> <span class='ocrx_word' id='word_1_292' title='bbox 304 3018 401 3084; x_wconf 83' lang='lat' dir='ltr'><strong>‘Eone</strong></span> <span class='ocrx_word' id='word_1_293' title='bbox 425 3043 528 3102; x_wconf 87' lang='lat' dir='ltr'><strong>usque,</strong></span> <span class='ocrx_word' id='word_1_294' title='bbox 551 3025 621 3086; x_wconf 93' lang='lat' dir='ltr'><strong>dum</strong></span> <span class='ocrx_word' id='word_1_295' title='bbox 639 3043 673 3086; x_wconf 90' lang='lat' dir='ltr'><strong>ea</strong></span> <span class='ocrx_word' id='word_1_296' title='bbox 691 3035 862 3098; x_wconf 91' lang='lat' dir='ltr'><strong>nascuntur,</strong></span> <span class='ocrx_word' id='word_1_297' title='bbox 885 3026 920 3086; x_wconf 91' lang='lat' dir='ltr'><strong>ad</strong></span> <span class='ocrx_word' id='word_1_298' title='bbox 936 3027 1094 3088; x_wconf 82' lang='lat' dir='ltr'><strong>Casilinum</strong></span> <span class='ocrx_word' id='word_1_299' title='bbox 1110 3046 1171 3088; x_wconf 86' lang='lat' dir='ltr'><strong>ses-</strong></span> 
     </span>
     <span class='ocr_line' id='line_1_35' title="bbox 95 3099 1224 3190; baseline 0.001 -21"><span class='ocrx_word' id='word_1_300' title='bbox 95 3127 183 3170; x_wconf 89' lang='lat' dir='ltr'><strong>surus</strong></span> <span class='ocrx_word' id='word_1_301' title='bbox 197 3099 299 3170; x_wconf 81' lang='lat' dir='ltr'><strong>suml&#39;</strong></span> <span class='ocrx_word' id='word_1_302' title='bbox 318 3109 508 3185; x_wconf 58' lang='lat' dir='ltr'><strong>exclamarem</strong></span> <span class='ocrx_word' id='word_1_303' title='bbox 532 3111 628 3188; x_wconf 91' lang='lat' dir='ltr'><strong>etqui</strong></span> <span class='ocrx_word' id='word_1_304' title='bbox 644 3111 755 3171; x_wconf 90' lang='lat' dir='ltr'><strong>nullam</strong></span> <span class='ocrx_word' id='word_1_305' title='bbox 771 3121 855 3172; x_wconf 87' lang='lat' dir='ltr'><strong>antea</strong></span> <span class='ocrx_word' id='word_1_306' title='bbox 871 3111 1037 3190; x_wconf 90' lang='lat' dir='ltr'><strong>pactionem</strong></span> <span class='ocrx_word' id='word_1_307' title='bbox 1053 3112 1173 3172; x_wconf 89' lang='lat' dir='ltr'><strong>auribus</strong></span> <span class='ocrx_word' id='word_1_308' title='bbox 1195 3121 1224 3170; x_wconf 82' lang='lat' dir='ltr'><strong>rt</strong></span> 
     </span>
     <span class='ocr_line' id='line_1_36' title="bbox 49 3193 1172 3276; baseline 0.002 -22"><span class='ocrx_word' id='word_1_309' title='bbox 49 3199 74 3247; x_wconf 78' lang='lat'><strong>3⁵</strong></span> <span class='ocrx_word' id='word_1_310' title='bbox 94 3193 266 3266; x_wconf 86' lang='lat' dir='ltr'><strong>admiserat,</strong></span> <span class='ocrx_word' id='word_1_311' title='bbox 296 3204 361 3254; x_wconf 93' lang='lat' dir='ltr'><strong>tum</strong></span> <span class='ocrx_word' id='word_1_312' title='bbox 383 3195 501 3255; x_wconf 91' lang='lat' dir='ltr'><strong>demum</strong></span> <span class='ocrx_word' id='word_1_313' title='bbox 524 3195 571 3273; x_wconf 80' lang='lat' dir='ltr'><strong>agi</strong></span> <span class='ocrx_word' id='word_1_314' title='bbox 593 3213 695 3256; x_wconf 91' lang='lat' dir='ltr'><strong>secum</strong></span> <span class='ocrx_word' id='word_1_315' title='bbox 719 3205 763 3257; x_wconf 90' lang='lat' dir='ltr'><strong>est</strong></span> <span class='ocrx_word' id='word_1_316' title='bbox 784 3215 888 3276; x_wconf 88' lang='lat' dir='ltr'><strong>passus</strong></span> <span class='ocrx_word' id='word_1_317' title='bbox 910 3196 946 3258; x_wconf 93' lang='lat' dir='ltr'><strong>de</strong></span> <span class='ocrx_word' id='word_1_318' title='bbox 969 3196 1172 3275; x_wconf 90' lang='lat' dir='ltr'><strong>redemptione</strong></span> 
     </span>
    </p>
   </div>
   <div class='ocr_carea' id='block_1_3' title="bbox 97 3324 1175 3870">
    <p class='ocr_par' dir='ltr' id='par_1_3' title="bbox 97 3324 1175 3870">
     <span class='ocr_line' id='line_1_37' title="bbox 182 3324 1172 3395; baseline 0.001 -16"><span class='ocrx_word' id='word_1_319' title='bbox 182 3329 197 3379; x_wconf 81' lang='grc'><strong>2</strong></span> <span class='ocrx_word' id='word_1_320' title='bbox 214 3324 325 3378; x_wconf 82' lang='lat' dir='ltr'><strong>dictator</strong></span> <span class='ocrx_word' id='word_1_321' title='bbox 342 3325 375 3376; x_wconf 79' lang='grc' dir='ltr'><strong>Ρ·</strong></span> <span class='ocrx_word' id='word_1_322' title='bbox 387 3325 425 3392; x_wconf 83' lang='grc'><strong>13</strong></span> <span class='ocrx_word' id='word_1_323' title='bbox 444 3327 556 3393; x_wconf 88' lang='lat' dir='ltr'><strong>opsesait</strong></span> <span class='ocrx_word' id='word_1_324' title='bbox 573 3334 613 3379; x_wconf 90' lang='lat' dir='ltr'><strong>set</strong></span> <span class='ocrx_word' id='word_1_325' title='bbox 626 3326 659 3379; x_wconf 78' lang='lat'><strong>1²¹</strong></span> <span class='ocrx_word' id='word_1_326' title='bbox 672 3325 711 3395; x_wconf 87' lang='grc'><strong>14</strong></span> <span class='ocrx_word' id='word_1_327' title='bbox 729 3343 833 3395; x_wconf 84' lang='lat' dir='ltr'><strong>praeces</strong></span> <span class='ocrx_word' id='word_1_328' title='bbox 851 3329 893 3395; x_wconf 86' lang='grc' dir='ltr'><strong>Ρ1</strong></span> <span class='ocrx_word' id='word_1_329' title='bbox 907 3328 1055 3381; x_wconf 86' lang='lat' dir='ltr'><strong>nolanorum</strong></span> <span class='ocrx_word' id='word_1_330' title='bbox 1076 3342 1172 3380; x_wconf 88' lang='lat' dir='ltr'><strong>acerra·</strong></span> 
     </span>
     <span class='ocr_line' id='line_1_38' title="bbox 97 3394 1173 3463; baseline 0.004 -19"><span class='ocrx_word' id='word_1_331' title='bbox 97 3408 237 3461; x_wconf 81' lang='lat' dir='ltr'><strong>nonumque</strong></span> <span class='ocrx_word' id='word_1_332' title='bbox 263 3394 319 3457; x_wconf 79' lang='lat' dir='ltr'><strong>(uel</strong></span> <span class='ocrx_word' id='word_1_333' title='bbox 339 3407 515 3447; x_wconf 86' lang='lat' dir='ltr'><strong>acerranorum</strong></span> <span class='ocrx_word' id='word_1_334' title='bbox 543 3396 757 3462; x_wconf 80' lang='lat' dir='ltr'><strong>notariorumque)</strong></span> <span class='ocrx_word' id='word_1_335' title='bbox 780 3394 911 3448; x_wconf 78' lang='lat' dir='ltr'><strong>Riemann</strong></span> <span class='ocrx_word' id='word_1_336' title='bbox 947 3397 1097 3448; x_wconf 86' lang='lat' dir='ltr'><strong>nolanorum</strong></span> <span class='ocrx_word' id='word_1_337' title='bbox 1122 3412 1173 3463; x_wconf 90' lang='lat' dir='ltr'><strong>que</strong></span> 
     </span>
     <span class='ocr_line' id='line_1_39' title="bbox 97 3461 1162 3530; baseline 0.004 -18"><span class='ocrx_word' id='word_1_338' title='bbox 97 3461 190 3528; x_wconf 85' lang='lat' dir='ltr'><strong>tadqne</strong></span> <span class='ocrx_word' id='word_1_339' title='bbox 207 3461 248 3526; x_wconf 71' lang='grc' dir='ltr'><strong>Ρ)</strong></span> <span class='ocrx_word' id='word_1_340' title='bbox 265 3475 442 3515; x_wconf 84' lang='lat' dir='ltr'><strong>acerranorum</strong></span> <span class='ocrx_word' id='word_1_341' title='bbox 462 3462 485 3513; x_wconf 87' lang='lat' dir='ltr'><em>P</em></span> <span class='ocrx_word' id='word_1_342' title='bbox 512 3462 662 3516; x_wconf 86' lang='lat' dir='ltr'><strong>nolanorum</strong></span> <span class='ocrx_word' id='word_1_343' title='bbox 683 3471 760 3530; x_wconf 88' lang='lat' dir='ltr'><strong>atque</strong></span> <span class='ocrx_word' id='word_1_344' title='bbox 779 3463 954 3516; x_wconf 90' lang='lat' dir='ltr'><strong>auellanorum</strong></span> <span class='ocrx_word' id='word_1_345' title='bbox 973 3463 1059 3526; x_wconf 85' lang='lat' dir='ltr'><strong>(abell.</strong></span> <span class='ocrx_word' id='word_1_346' title='bbox 1076 3464 1162 3516; x_wconf 83' lang='lat' dir='ltr'><strong>Dralr.</strong></span> 
     </span>
     <span class='ocr_line' id='line_1_40' title="bbox 98 3529 1174 3600; baseline 0.006 -21"><span class='ocrx_word' id='word_1_347' title='bbox 98 3529 182 3582; x_wconf 77' lang='lat' dir='ltr'><strong>dubit.</strong></span> <span class='ocrx_word' id='word_1_348' title='bbox 200 3533 267 3584; x_wconf 79' lang='lat' dir='ltr'><strong>enni.</strong></span> <span class='ocrx_word' id='word_1_349' title='bbox 288 3529 370 3581; x_wconf 85' lang='lat' dir='ltr'><strong>Gron.</strong></span> <span class='ocrx_word' id='word_1_350' title='bbox 407 3533 422 3581; x_wconf 84' lang='lat'><strong>5</strong></span> <span class='ocrx_word' id='word_1_351' title='bbox 441 3530 555 3583; x_wconf 90' lang='lat' dir='ltr'><strong>timentis</strong></span> <span class='ocrx_word' id='word_1_352' title='bbox 573 3531 607 3582; x_wconf 67' lang='grc' dir='ltr'><strong>Ρ1</strong></span> <span class='ocrx_word' id='word_1_353' title='bbox 624 3529 678 3592; x_wconf 84' lang='grc'><strong>111</strong></span> <span class='ocrx_word' id='word_1_354' title='bbox 698 3531 849 3599; x_wconf 87' lang='lat' dir='ltr'><strong>inportamdi</strong></span> <span class='ocrx_word' id='word_1_355' title='bbox 868 3531 911 3600; x_wconf 71' lang='lat' dir='ltr'><strong>Pil</strong></span> <span class='ocrx_word' id='word_1_356' title='bbox 927 3535 954 3584; x_wconf 87' lang='grc'><strong>11</strong></span> <span class='ocrx_word' id='word_1_357' title='bbox 977 3534 1047 3585; x_wconf 84' lang='lat' dir='ltr'><strong>acP</strong></span> <span class='ocrx_word' id='word_1_358' title='bbox 1079 3531 1109 3584; x_wconf 89' lang='lat' dir='ltr'><strong>ad</strong></span> <span class='ocrx_word' id='word_1_359' title='bbox 1128 3537 1148 3597; x_wconf 86' lang='grc' dir='ltr'><strong><em>ς</em></strong></span> <span class='ocrx_word' id='word_1_360' title='bbox 1169 3533 1174 3600; x_wconf 91' lang='grc'><strong>1</strong></span> 
     </span>
     <span class='ocr_line' id='line_1_41' title="bbox 100 3597 1173 3668; baseline 0.003 -21"><span class='ocrx_word' id='word_1_361' title='bbox 100 3598 132 3649; x_wconf 85' lang='grc'><strong>18</strong></span> <span class='ocrx_word' id='word_1_362' title='bbox 150 3597 342 3664; x_wconf 85' lang='lat' dir='ltr'><strong>aequaliterque</strong></span> <span class='ocrx_word' id='word_1_363' title='bbox 430 3598 571 3664; x_wconf 88' lang='lat' dir='ltr'><strong>aequaliter</strong></span> <span class='ocrx_word' id='word_1_364' title='bbox 589 3597 622 3649; x_wconf 68' lang='grc' dir='ltr'><strong>Ρ1</strong></span> <span class='ocrx_word' id='word_1_365' title='bbox 640 3598 650 3665; x_wconf 88' lang='grc'><strong>1</strong></span> <span class='ocrx_word' id='word_1_366' title='bbox 671 3601 702 3652; x_wconf 83' lang='lat' dir='ltr'><strong>te</strong></span> <span class='ocrx_word' id='word_1_367' title='bbox 721 3605 811 3666; x_wconf 90' lang='lat' dir='ltr'><strong>potero</strong></span> <span class='ocrx_word' id='word_1_368' title='bbox 830 3600 870 3664; x_wconf 64' lang='grc' dir='ltr'><strong>ΡΙ,</strong></span> <span class='ocrx_word' id='word_1_369' title='bbox 894 3615 963 3651; x_wconf 83' lang='lat' dir='ltr'><strong>corr.</strong></span> <span class='ocrx_word' id='word_1_370' title='bbox 983 3599 1015 3651; x_wconf 80' lang='lat'><strong>1⁷¹</strong></span> <span class='ocrx_word' id='word_1_371' title='bbox 1032 3600 1087 3668; x_wconf 79' lang='grc'><strong>122</strong></span> <span class='ocrx_word' id='word_1_372' title='bbox 1106 3606 1173 3651; x_wconf 90' lang='lat' dir='ltr'><strong>tran-</strong></span> 
     </span>
     <span class='ocr_line' id='line_1_42' title="bbox 98 3663 1175 3734; baseline 0.006 -19"><span class='ocrx_word' id='word_1_373' title='bbox 98 3678 175 3716; x_wconf 81' lang='lat' dir='ltr'><strong>nereo</strong></span> <span class='ocrx_word' id='word_1_374' title='bbox 194 3665 231 3729; x_wconf 48' lang='lat' dir='ltr'><strong>pi,</strong></span> <span class='ocrx_word' id='word_1_375' title='bbox 248 3681 318 3717; x_wconf 79' lang='lat' dir='ltr'><strong>corr.</strong></span> <span class='ocrx_word' id='word_1_376' title='bbox 336 3663 442 3732; x_wconf 70' lang='lat' dir='ltr'><strong>P&#39;ltb</strong></span> <span class='ocrx_word' id='word_1_377' title='bbox 462 3666 518 3734; x_wconf 92' lang='lat' dir='ltr'><strong>quit</strong></span> <span class='ocrx_word' id='word_1_378' title='bbox 535 3667 628 3734; x_wconf 73' lang='lat' dir='ltr'><strong>etta</strong></span> <span class='ocrx_word' id='word_1_379' title='bbox 646 3666 767 3720; x_wconf 88' lang='lat' dir='ltr'><strong>mandare</strong></span> <span class='ocrx_word' id='word_1_380' title='bbox 787 3665 929 3734; x_wconf 75' lang='lat' dir='ltr'><strong>Pllalloue</strong></span> <span class='ocrx_word' id='word_1_381' title='bbox 947 3667 981 3718; x_wconf 68' lang='lat'><strong>1²¹</strong></span> <span class='ocrx_word' id='word_1_382' title='bbox 1006 3670 1098 3722; x_wconf 88' lang='lat' dir='ltr'><strong>abioue</strong></span> <span class='ocrx_word' id='word_1_383' title='bbox 1116 3669 1147 3721; x_wconf 73' lang='grc' dir='ltr'><strong>Ρ1</strong></span> <span class='ocrx_word' id='word_1_384' title='bbox 1165 3667 1175 3734; x_wconf 92' lang='grc'><strong>1</strong></span> 
     </span>
     <span class='ocr_line' id='line_1_43' title="bbox 100 3732 1172 3801; baseline 0.004 -19"><span class='ocrx_word' id='word_1_385' title='bbox 100 3733 133 3782; x_wconf 82' lang='grc'><strong>311</strong></span> <span class='ocrx_word' id='word_1_386' title='bbox 151 3732 259 3784; x_wconf 80' lang='lat' dir='ltr'><strong>radicum</strong></span> <span class='ocrx_word' id='word_1_387' title='bbox 278 3748 312 3784; x_wconf 92' lang='lat' dir='ltr'><strong>ne</strong></span> <span class='ocrx_word' id='word_1_388' title='bbox 323 3732 358 3784; x_wconf 76' lang='lat'><strong>1³²</strong></span> <span class='ocrx_word' id='word_1_389' title='bbox 384 3732 599 3800; x_wconf 76' lang='lat' dir='ltr'><strong>adicitumquel’¹</strong></span> <span class='ocrx_word' id='word_1_390' title='bbox 613 3734 669 3801; x_wconf 79' lang='grc'><strong>131</strong></span> <span class='ocrx_word' id='word_1_391' title='bbox 687 3735 757 3786; x_wconf 86' lang='lat' dir='ltr'><strong>berbi</strong></span> <span class='ocrx_word' id='word_1_392' title='bbox 778 3737 868 3787; x_wconf 89' lang='lat' dir='ltr'><strong>terreni</strong></span> <span class='ocrx_word' id='word_1_393' title='bbox 883 3735 970 3801; x_wconf 80' lang='grc' dir='ltr'>Ρ134</span> <span class='ocrx_word' id='word_1_394' title='bbox 988 3751 1043 3789; x_wconf 89' lang='lat' dir='ltr'><strong>sum</strong></span> <span class='ocrx_word' id='word_1_395' title='bbox 1058 3734 1092 3786; x_wconf 64' lang='lat'><strong>1⁸</strong></span> <span class='ocrx_word' id='word_1_396' title='bbox 1117 3751 1172 3787; x_wconf 88' lang='lat' dir='ltr'><strong>aum</strong></span> 
     </span>
     <span class='ocr_line' id='line_1_44' title="bbox 102 3750 818 3870; baseline 0.007 -21"><span class='ocrx_word' id='word_1_397' title='bbox 102 3808 142 3850; x_wconf 81' lang='lat' dir='ltr'><strong>est</strong></span> <span class='ocrx_word' id='word_1_398' title='bbox 160 3750 365 3866; x_wconf 65' lang='lat' dir='ltr'><strong>ruezelinus</strong></span> <span class='ocrx_word' id='word_1_399' title='bbox 386 3806 411 3851; x_wconf 88' lang='lat' dir='ltr'><strong>et</strong></span> <span class='ocrx_word' id='word_1_400' title='bbox 430 3802 471 3868; x_wconf 90' lang='lat' dir='ltr'><strong>qui</strong></span> <span class='ocrx_word' id='word_1_401' title='bbox 490 3803 523 3854; x_wconf 77' lang='lat'><strong>1³¹</strong></span> <span class='ocrx_word' id='word_1_402' title='bbox 550 3801 704 3854; x_wconf 86' lang='lat' dir='ltr'><strong>exclamaret</strong></span> <span class='ocrx_word' id='word_1_403' title='bbox 723 3803 766 3870; x_wconf 91' lang='lat' dir='ltr'><strong>qul</strong></span> <span class='ocrx_word' id='word_1_404' title='bbox 785 3803 818 3854; x_wconf 74' lang='lat'><strong>1¹²</strong></span> 
     </span>
    </p>
   </div>
   <div class='ocr_carea' id='block_1_4' title="bbox 0 0 1373 4250">
    <p class='ocr_par' dir='ltr' id='par_1_4' title="bbox 0 0 1373 4250">
     <span class='ocr_line' id='line_1_45' title="bbox 0 0 1373 4250; baseline 0 0"><span class='ocrx_word' id='word_1_405' title='bbox 0 0 1373 4250; x_wconf 95' lang='lat' dir='ltr'><strong> </strong></span> 
     </span>
    </p>
   </div>
  </div>
 </body>
</html>
