2734 4250
89 150 167 194 echr.
177 152 214 194 211
477 135 570 189 LIBER
588 135 663 203 llllll,
681 138 723 190 23.
738 140 771 191 24
1121 138 1160 197 87

89 316 269 381 cernentem,
292 308 345 387 qui
366 308 478 369 bellum
500 308 624 385 ratione,
649 328 713 370 non
736 309 856 369 fortuna
877 316 1005 389 gereret,
1027 310 1067 371 ita
1089 323 1199 373 eon-e

89 402 195 471 tempta
217 401 282 454 erat
296 394 376 454 inter
391 393 465 454 ciuis
479 400 607 455 armatos
621 395 733 473 pariter
753 401 938 472 togatosque,
960 394 1063 473 utique
1079 404 1161 474 post·

88 494 170 554 quam
187 476 311 539 absente
333 496 369 538 eo
390 478 555 539 temeritate
570 478 700 557 magistri
722 478 855 558 equitum
873 478 948 539 laeto
963 480 1064 541 uerius
1079 480 1160 541 dixe·

87 561 138 621 rim
161 580 252 640 quam
274 580 419 642 prospero
435 572 545 624 euentu
560 571 726 643 pugnatum
746 564 851 624 luerat
888 573 1073 626 accesserant
1087 565 1162 627 duae
1182 577 1198 626 1

58 655 131 708 eres
144 647 180 707 ad
196 647 363 726 augendam
379 648 520 709 inuidiam
535 647 696 721 dictatoris,
718 666 778 709 una
794 648 896 709 lraude
912 666 946 709 ac
961 648 1030 711 dolo
1045 649 1160 712 llanni·

85 730 166 803 belis,
190 731 281 812 quod,
304 750 372 793 cum
394 732 558 813 aperiugis
572 733 600 793 ei
614 741 797 795 monstratus
818 751 888 812 ager
909 733 1060 795 dictatoris
1074 744 1160 811 esset,

86 816 223 878 omnibus
251 816 331 877 circa
358 817 423 879 solo
451 818 583 896 aequatis
603 815 639 878 ab
665 836 726 879 uno
755 836 790 879 eo
814 818 926 879 lerrum
948 819 1107 898 ignemque
1130 829 1160 882 et

84 901 141 961 uim
164 919 287 963 omnem
310 901 446 965 hostilem
467 901 609 964 abstineri
630 902 724 976 iussit,
748 910 781 965 ut
803 901 910 963 occulti
933 902 1057 966 alicuius
1079 906 1157 984 pacti

84 1004 117 1045 ea
130 1004 249 1048 merces
263 986 358 1047 uideri
372 994 484 1067 posset,
498 987 588 1048 altera
603 987 695 1066 ipsius
709 988 798 1059 lacto,
814 988 911 1067 primo
923 988 1046 1049 forsitan
1059 988 1159 1065 dubio,
1181 998 1196 1047 5

43 1076 65 1127 11
82 1070 148 1147 quia
172 1091 236 1133 non
258 1080 411 1151 expectata
434 1072 465 1132 in
485 1089 521 1133 eo
535 1080 656 1133 senatus
677 1072 837 1133 auotoritas
858 1080 912 1147 est,
935 1072 971 1133 ad
993 1082 1157 1135 extremum

83 1156 158 1216 baud
180 1154 320 1235 ambigue
334 1156 365 1217 in
381 1157 536 1217 maximam
550 1156 665 1218 laudern
688 1175 787 1219 uerso.
823 1156 854 1217 in
870 1158 1074 1236 permutandis
1088 1178 1158 1239 eap-
1180 1170 1195 1219 6

81 1240 159 1314 tiuis,
175 1239 256 1319 quod
272 1241 315 1302 sic
330 1241 426 1320 primo
442 1241 556 1303 Punico
570 1240 650 1302 bollo
664 1242 775 1302 lactum
791 1248 863 1315 erat,
881 1252 1065 1304 conuenerat
1079 1244 1158 1305 inter

82 1323 172 1386 duces
193 1326 361 1387 Romanum
384 1326 594 1406 Poenumque,
623 1335 671 1398 ut,
700 1343 775 1406 quae
798 1344 867 1405 pars
888 1327 989 1407 plures
1011 1328 1159 1408 reciperet

83 1427 170 1486 quem
193 1411 294 1482 daret,
322 1411 437 1491 argenti
458 1411 560 1490 pondo
584 1410 653 1472 bina
679 1419 709 1471 et
730 1410 853 1473 selibras
874 1411 904 1472 in
928 1411 1050 1473 militem
1072 1430 1157 1492 prae-

38 1500 63 1550 ls
82 1503 177 1555 staret.
213 1494 350 1557 ducentis
364 1494 559 1575 quadraginta
575 1504 689 1575 septem
704 1513 771 1557 oum
786 1495 888 1575 plures
902 1496 1054 1557 Romanus
1069 1516 1157 1577 quam
1179 1508 1193 1556 1

85 1578 201 1641 Poenus
222 1580 385 1660 recepisset
405 1588 622 1659 argentumque
642 1599 698 1660 pro
721 1580 763 1642 eis
784 1580 917 1642 debitum
943 1599 1031 1660 saepe
1053 1582 1156 1644 iactata

83 1664 112 1723 in
134 1673 241 1725 senatu
263 1683 306 1739 re,
329 1664 468 1743 quoniam
490 1684 553 1726 non
576 1665 775 1727 consuluisset
796 1673 904 1744 patres,
926 1666 1037 1728 tardius
1052 1685 1156 1747 eroga·

83 1758 176 1823 retur,
208 1749 384 1811 inuiolatum
405 1750 442 1811 ab
465 1750 550 1811 hoste
570 1768 676 1829 agrum
704 1750 794 1811 misso
815 1750 940 1811 Romam
962 1750 1073 1822 Quinto
1096 1752 1193 1814 lilios

83 1834 216 1895 uendidit
237 1834 384 1913 iidemque
405 1835 555 1914 publicam
576 1834 719 1914 inpendio
742 1835 858 1914 priuato
882 1835 1017 1899 exsoluit.

37 1924 63 1975 21
163 1918 315 1980 Hannibal
328 1937 384 1998 pro
400 1919 528 1980 Gereoni
544 1919 709 1995 moenibus,
733 1920 817 1981 ouius
838 1919 921 1981 urbis
942 1929 1045 2001 captae
1067 1930 1156 2001 atque
1176 1930 1192 1981 e

81 2003 221 2065 incensae
242 2003 280 2064 ab
301 2022 334 2065 se
356 2005 387 2065 in
410 2022 496 2066 usum
518 2005 694 2065 horreorum
717 2022 810 2085 pauca
832 2005 994 2084 reliquerat
1014 2013 1100 2080 tecta,
1123 2007 1154 2067 in

79 2089 191 2152 statiuis
213 2098 286 2152 erat.
322 2088 392 2150 iude
413 2090 625 2151 frumentatum
642 2089 716 2152 duas
730 2088 878 2152 exercitus
892 2100 992 2170 partes
1005 2090 1155 2169 mittebat3
1178 2099 1207 2151 10

80 2192 146 2234 oum
169 2174 257 2234 tertia
278 2174 343 2254 ipse
357 2174 492 2254 expedita
506 2175 537 2236 in
557 2175 684 2236 statione
707 2183 769 2236 erat
790 2175 878 2237 simul
892 2177 994 2237 eastris
1008 2177 1154 2255 praesidio

81 2267 109 2318 et
129 2260 398 2338 circumspectans,
427 2260 563 2320 necunde
592 2259 722 2339 impetus
749 2261 779 2322 in
809 2261 1040 2321 frumentatores
1061 2261 1155 2323 lieret.

40 2343 231 2406 ellomanus
253 2352 325 2406 tunc
352 2344 499 2405 exercitus
519 2344 550 2404 in
580 2362 651 2423 agro
673 2345 804 2406 Larinati
826 2353 898 2405 erat
941 2355 1077 2424 praeerat
1098 2345 1152 2406 hli-
1167 2349 1207 2405 24
1249 2389 1252 2396 1

82 2429 186 2491 nucius
208 2429 349 2508 magister
370 2428 503 2507 equitum
524 2431 678 2508 prolecto,
706 2429 784 2492 siout
804 2437 872 2491 ante
894 2429 1005 2490 dictum
1029 2437 1089 2502 est,
1118 2431 1153 2490 ad

81 2512 183 2575 urbem
205 2512 359 2574 dictatore.
396 2521 527 2575 ceterum
549 2522 653 2587 castra,
676 2531 752 2592 quae
774 2514 804 2575 in
828 2520 930 2577 monte
953 2513 1011 2575 alto
1033 2531 1068 2575 ac
1089 2523 1154 2575 tuto
1176 2522 1190 2572 2

81 2597 144 2659 loeo
166 2598 263 2679 posita
286 2599 412 2673 luerent,
434 2598 491 2659 iam
513 2599 544 2659 in
561 2599 684 2678 planum
700 2599 886 2674 deferuntur,
908 2598 1153 2678 agitabanturque

81 2700 131 2762 pro
154 2683 277 2762 ingenio
300 2683 383 2745 ducis
398 2682 521 2745 consilia
541 2683 689 2758 calidiora,
711 2693 745 2744 ut
759 2684 887 2763 impetus
901 2692 952 2745 aut
973 2684 1003 2745 in
1020 2685 1153 2744 frumen·

43 2771 188 2831 oratores
210 2768 325 2846 palatos
345 2779 398 2830 aut
418 2770 448 2830 in
472 2777 567 2830 castra
589 2768 690 2830 relicta
713 2787 781 2830 cum
809 2769 868 2830 leui
890 2768 1037 2848 praesidio
1059 2769 1152 2830 lieret.

163 2921 175 2970 1
197 2932 287 2984 gerere
306 2917 377 2983 ΡΙ)
395 2917 481 2970 uerius
500 2919 581 2972 Gron.
608 2920 647 2980 (nt
664 2918 750 2971 uerius
768 2920 874 2971 Asseros.
893 2919 970 2982 1518)
995 2919 1100 2985 ueprius
1112 2919 1153 2986 Ρ)

83 2987 96 3034 5
111 3001 187 3038 unam
200 2985 272 3053 Ρ18
289 2990 421 3050 omnem&
446 2987 560 3038 omnium
572 2987 596 3038 P
627 2985 747 3039 hostilem
760 3001 819 3038 eum
833 2986 967 3038 Creoisre'o
984 2990 1081 3051 scripsi
1093 2987 1151 3038 lim.

85 3051 137 3104 biae
155 3055 204 3106 15
227 3053 338 3106 hostium
360 3055 396 3117 P,
417 3053 467 3104 det
491 3053 517 3106 0.
533 3054 582 3108 ll'r.
628 3053 712 3105 uelles·
738 3054 832 3107 Philol.
855 3054 890 3108 43
910 3054 1001 3120 (1884)
1023 3055 1076 3108 858
1084 3070 1121 3119 eq.
1144 3053 1153 3119 )

85 3124 111 3172 11
129 3120 198 3173 bend
216 3121 353 3187 ambiguae
369 3137 405 3172 erc
428 3119 658 3188 baudidambiguae
675 3122 733 3189 P¹l
756 3125 786 3175 12
804 3121 873 3190 quod
893 3122 932 3174 sie
951 3128 971 3187 ς
988 3123 1153 3187 Heerwagen

84 3194 152 3241 nunt
171 3189 277 3240 Monac.
289 3187 324 3240 24
336 3189 428 3253 (1847)
442 3190 493 3242 798
518 3190 605 3256 quosit
615 3189 660 3256 Ρ)
672 3189 739 3242 lectu
755 3195 809 3241 erat
821 3195 995 3243 conuenerant
1006 3188 1049 3256 ΡΙ)
1063 3191 1094 3241 13
1112 3204 1150 3240 ro·

85 3269 181 3309 menum
198 3255 234 3309 Ρ
264 3271 425 3308 romanosnm
448 3257 481 3308 P¹
501 3257 512 3324 ΙΙ
533 3272 584 3324 que
602 3257 626 3307 P
643 3258 654 3321 Ι
673 3256 759 3324 plures
779 3257 858 3310 Vallo
889 3257 985 3325 plns&
1019 3257 1089 3323 prius
1106 3259 1130 3308 P
1144 3255 1153 3323 Ι)

87 3327 113 3374 11
129 3324 218 3378 darem
234 3326 258 3377 P
272 3325 282 3391 )
301 3331 382 3390 ponto
399 3323 442 3391 Ρ)
454 3324 536 3376 milite
552 3323 600 3392 Ρ)
619 3327 651 3377 15
669 3323 763 3377 ccxluu
779 3326 803 3377 P
825 3325 941 3378 ducentis
959 3342 984 3392 q.
1002 3339 1024 3379 s.
1042 3323 1153 3390 Madvig

85 3391 205 3445 ducentos
217 3409 242 3459 q.
255 3409 276 3446 s.
288 3393 372 3458 uulgo
410 3395 439 3444 11
453 3392 790 3460 111111111Ρ)11ομ111111ς
815 3398 949 3460 regeretur
960 3391 1002 3460 Ρ)
1017 3395 1047 3446 18
1061 3393 1150 3459 quinto

87 3457 160 3512 Groo.
187 3461 233 3527 qui
245 3461 291 3525 1³¹,
308 3461 358 3512 del.
414 3460 471 3527 )20
488 3460 586 3526 gerioni
604 3459 734 3512 montibus
746 3461 788 3528 Ρ)
801 3459 858 3528 adq.
871 3460 914 3529 Ρ)
927 3463 956 3514 21
971 3460 1091 3512 inceense
1105 3461 1129 3512 P

87 3541 158 3591 pauo·
180 3527 214 3580 Ρ
238 3543 317 3579 muca
335 3527 389 3596 ΡΙ)
403 3527 579 3594 reliqueras
604 3527 790 3595 legiquaeratre
813 3529 845 3579 Ρι
874 3528 995 3596 legique
1016 3527 1124 3580 eratP²

87 3593 108 3644 111
124 3596 225 3647 statiuis
243 3599 298 3648 erat
315 3596 414 3659 dueeg
433 3595 514 3648 Gron.
539 3595 757 3648 instituiseserant
772 3596 805 3648 Ρι
831 3596 929 3649 institui
947 3599 1080 3649 senserant
1092 3595 1126 3647 1¹²
1141 3595 1151 3663 )

88 3661 458 3730 22111111Ρ)24111ς,οπι.
477 3663 835 3731 Ρ)25111)11111111Ρ)26
855 3663 923 3716 dictu
945 3663 977 3716 P²
1004 3664 1072 3716 dietis
1094 3679 1153 3729 pro·

89 3727 190 3851 [litem
204 3731 268 3797 lest
285 3731 327 3793 Ρ)
345 3730 506 3798 detP²lab
525 3732 586 3784 urbe
599 3733 631 3783 Ρ)
658 3731 690 3783 ad
709 3731 770 3784 urbe
788 3731 842 3798 P²l
856 3734 887 3784 21
907 3746 957 3800 que
975 3731 1062 3798 Ρ)29
1082 3730 1154 3782 ealli-
