2734 4250
74 169 267 214 memerato
473 149 568 203 tinen
585 150 660 216 xxti,
677 152 719 205 35.
732 152 765 203 ³6
1116 152 1156 211 99

73 344 149 387 rano
166 334 198 387 et
212 324 249 395 Q.
261 322 345 384 Aelio
361 323 459 397 Paeto,
482 341 610 401 quorum
631 322 705 383 alter
719 322 863 402 pontifex,
886 322 961 383 alter
975 340 1070 403 augur
1083 334 1157 399 erat,

74 412 106 473 C.
119 410 281 472 Terentius
296 409 403 469 consul
418 426 497 470 unus
518 418 644 481 creatur,
667 408 746 468 utin
766 424 854 469 mauu
870 408 935 470 eius
949 418 1049 471 essent
1064 410 1155 471 comi-

75 497 114 557 tia
129 494 266 575 rogando
281 493 421 572 collegae.
451 504 513 554 tum
533 501 654 573 experta
668 491 806 554 nobilitas
821 510 926 572 parum
941 494 1032 557 luisse
1047 494 1155 557 uirium
1177 502 1192 552 t

74 581 105 643 in
129 576 371 659 conpetitoribus
392 578 455 640 eius
478 579 510 639 L.
526 577 682 639 Aemilium
705 577 838 652 Paulum,
862 579 913 656 qui
934 597 1004 640 cum
1019 578 1057 639 Μ.
1070 579 1154 641 Liuio

40 665 182 728 iconsul
204 666 310 736 luerat,
333 682 369 725 ex
389 662 579 725 damnatione
602 662 740 740 collegae,
763 681 800 723 en
814 680 872 741 qua
887 682 982 743 prope
1003 663 1155 727 ambustus

73 759 221 821 euaserat,
243 750 385 811 infestum
399 748 507 827 plebei,
526 748 577 810 diu
592 765 627 809 ac
640 748 767 808 multum
782 756 968 810 recusantem
983 748 1019 809 ad
1035 750 1153 829 petitio-

75 854 144 898 nem
159 834 314 913 conpellit.
352 834 377 895 is
390 833 527 913 proximo
540 832 679 895 comitiali
695 832 742 893 die
756 832 991 895 concedentibus
1006 834 1154 907 omnibus,
1176 843 1191 894 t

75 922 125 1000 qui
148 938 219 981 cum
234 919 368 979 Varrone
383 927 581 991 certauerant,
603 936 657 997 par
675 917 769 996 magis
784 918 814 979 in
833 918 1050 980 aduersandum
1066 937 1154 997 quam

74 1006 190 1083 collega
212 1006 298 1065 datur
320 1003 445 1065 oonsuli.
490 1003 561 1064 inde
583 1012 754 1082 praetorum
780 1002 896 1064 comitia
918 1003 1033 1064 habita:
1064 1005 1154 1066 creati
1177 1012 1192 1063 a

27 1100 54 1149 to
72 1091 111 1151 ll.
126 1089 313 1169 Pomponius
335 1088 435 1149 Matho
461 1097 492 1149 et
521 1089 553 1149 P.
569 1088 677 1150 Furius
699 1088 809 1150 Philus.
853 1088 936 1149 Philo
958 1088 1071 1150 Romae
1097 1089 1155 1150 iuri

74 1174 206 1237 dicundo
230 1174 343 1235 urbana
365 1191 440 1245 sors,
463 1173 628 1253 Pomponio
650 1172 731 1234 inter
752 1172 825 1234 ciuis
842 1171 993 1235 Romanos
1016 1182 1045 1234 et
1067 1192 1154 1254 pero-

73 1262 180 1338 grinos
201 1259 312 1319 euenit.
358 1258 448 1320 additi
471 1257 530 1319 duo
552 1266 713 1337 praetores,
736 1258 775 1319 Μ.
792 1256 929 1319 Claudius
947 1257 1102 1319 Marcellus
1124 1260 1153 1319 io
1176 1268 1192 1318 o

74 1345 216 1416 Siciliam,
231 1343 264 1403 L.
275 1343 444 1405 Postumius
456 1342 581 1404 Albinus
591 1342 622 1404 in
635 1341 767 1404 Galliam.
795 1360 900 1404 omnes
910 1351 1049 1421 apsentos
1064 1343 1154 1404 creati
1175 1354 1190 1403 1

73 1439 156 1504 sunt,
173 1448 232 1489 nec
245 1428 383 1507 cuiquam
398 1445 501 1489 eorum
516 1436 634 1507 praeter
645 1428 819 1489 Terentium
831 1427 984 1488 consulem
1000 1427 1154 1489 mandatus

22 1524 52 1575 ts
72 1514 182 1586 honos,
197 1531 288 1592 quem
303 1532 366 1575 non
381 1513 439 1574 iam
453 1522 538 1574 antea
555 1512 703 1591 gessisset,
719 1511 886 1592 praeteritis
900 1511 1013 1590 aliquot
1028 1512 1153 1575 sortibus

73 1618 109 1661 ac
130 1598 264 1661 strenuis
286 1598 368 1672 uiris,
391 1597 459 1676 quia
480 1598 511 1659 in
536 1598 585 1659 tali
599 1607 735 1678 tempore
758 1597 831 1659 nulli
847 1616 943 1659 nouos
964 1597 1154 1677 magistratus

73 1682 234 1747 uidebatur
251 1681 446 1744 mandandus.

160 1767 315 1830 Exercitus
336 1785 456 1847 quoque
478 1766 663 1846 multiplicati
677 1774 763 1849 sunt3
786 1774 914 1845 quantae
935 1774 1033 1828 autem
1049 1767 1152 1847 copiae
1165 1770 1204 1829 dd

73 1853 208 1933 peditum
230 1853 424 1932 equitumque
445 1850 560 1913 additae
581 1852 657 1924 sint,
686 1852 759 1913 adeo
786 1860 816 1913 et
843 1870 969 1913 numero
990 1860 1021 1913 et
1041 1869 1153 1930 genere

22 1948 52 1999 2)
72 1940 228 2018 copiarum
250 1938 368 1999 uamant
389 1946 538 2010 auctores,
567 1946 600 1997 ut
620 1936 670 1998 uix
693 1936 851 2017 quiequam
873 1937 943 1999 satis
965 1947 1079 1999 certum
1100 1937 1152 1998 ad·

72 2026 194 2085 firmare
216 2042 308 2084 ausus
328 2022 394 2084 sim.
431 2022 533 2083 decem
554 2021 634 2082 milia
655 2039 805 2084 nouorum
826 2020 953 2083 militum
974 2021 1022 2083 alii
1044 2022 1153 2101 seripta
1176 2032 1190 2081 2

72 2110 104 2172 io
126 2107 383 2188 supplementum,
405 2106 454 2168 alii
470 2125 564 2170 nouas
577 2115 717 2187 quattuor
731 2106 873 2186 legiones,
896 2115 930 2168 ut
944 2115 1012 2168 octo
1026 2106 1152 2187 legioni-

73 2193 129 2256 bus
144 2212 209 2256 rem
225 2202 380 2272 gererent;
396 2209 521 2254 numero
535 2211 654 2271 quoque
667 2192 799 2272 peditum
812 2191 1005 2271 equitumque
1019 2191 1153 2272 legiones
1175 2203 1189 2253 1

73 2289 176 2341 auctas
189 2277 308 2340 milibus
323 2277 454 2359 peditum
472 2285 502 2338 et
517 2278 652 2339 centenis
666 2276 816 2356 equitibus
831 2277 861 2337 in
877 2276 1007 2355 singulas
1021 2277 1151 2350 adiectis,

25 2371 53 2422 a
71 2374 105 2426 ut
124 2365 218 2443 quina
240 2363 321 2424 milia
342 2362 482 2442 peditum,
508 2363 624 2424 treceni
641 2362 757 2441 equites
779 2370 886 2434 essent,
908 2361 980 2422 socii
1003 2361 1150 2441 duplicem

73 2466 232 2512 numerum
255 2447 388 2526 equitum
409 2448 527 2520 darent,
550 2447 658 2526 peditis
678 2456 854 2526 aequarent,
882 2453 996 2526 septem
1018 2453 1048 2506 et
1070 2454 1151 2507 octo·
1173 2455 1189 2505 4

72 2534 154 2612 ginta
175 2532 257 2594 milia
279 2541 459 2594 armatorum
489 2541 518 2592 et
540 2533 687 2594 ducentos
708 2532 739 2593 in
762 2531 866 2594 castris
887 2530 1029 2593 Romanis
1049 2531 1150 2604 luisse,

72 2637 139 2680 eum
162 2625 330 2698 pugnatum
351 2617 388 2678 ad
411 2616 526 2679 (11111118
554 2625 616 2691 est,
645 2616 765 2696 quidam
794 2623 930 2678 auctores
955 2625 1035 2677 sunt.
1079 2615 1188 2677 illudo

71 2704 303 2782 haudquaquam
317 2701 474 2781 discrepat,
496 2702 607 2764 maiore
621 2710 730 2764 conatu
749 2711 838 2780 atque
852 2700 965 2780 impetu
979 2719 1043 2762 rem
1057 2711 1150 2762 actam

28 2797 54 2846 11
72 2807 160 2867 quam
182 2785 335 2868 prioribus
356 2785 452 2861 annis,
477 2787 547 2865 quia
568 2805 652 2867 spem
675 2805 763 2868 posse
786 2785 867 2847 uinoi
889 2786 1003 2848 hostem
1026 2785 1151 2848 dictatur

71 2873 261 2953 praebuerat.

157 3076 168 3124 1
189 3071 244 3123 ulio
262 3076 339 3137 paeto
356 3069 427 3137 ΡΗ
447 3069 576 3136 collegaeo
588 3069 630 3135 12¹,
646 3086 717 3122 eorr.
730 3069 765 3121 1³²
777 3069 815 3136 ll
832 3070 896 3122 libio
907 3070 979 3138 Pllb
998 3086 1029 3123 ex
1046 3070 1150 3123 damna·

74 3140 142 3193 tione
159 3139 280 3206 collegae
297 3153 330 3190 ex
347 3153 397 3204 qua
411 3138 517 3189 Harant
543 3143 570 3190 et
587 3137 751 3191 damnatione
769 3137 885 3204 collegae
903 3144 930 3190 et
947 3153 992 3190 soa
1008 3138 1078 3204 Ρ117
1096 3140 1151 3204 ὶες

72 3208 92 3259 is
102 3209 144 3262 ius
155 3206 199 3275 ΡΙ
214 3211 230 3260 9
242 3207 400 3274 praetorium
411 3205 453 3274 ΡΙ
468 3209 498 3260 10
512 3205 599 3272 philus
608 3211 755 3271 praeeunte
768 3211 788 3268 ς
800 3206 862 3258 add.
874 3205 1033 3267 Alschefski,
1046 3221 1096 3258 om.
1110 3207 1134 3257 Ρ
1141 3207 1151 3272 ΙΙ

74 3279 101 3330 11
119 3274 243 3328 diotimo
263 3275 305 3341 ΡΙ
318 3275 438 3341 pompeio
454 3272 542 3341 Ρ113
561 3273 578 3324 l.
597 3277 617 3338 ς
642 3273 712 3340 inq
725 3274 826 3326 calliam
838 3273 880 3341 ΡΙΙ
895 3278 927 3327 14
943 3288 991 3326 neo
1009 3276 1029 3337 ς
1055 3288 1087 3329 ne
1105 3274 1151 3340 Pil

75 3344 232 3397 tironium
243 3341 357 3407 Madvig
373 3343 423 3394 iam
435 3356 486 3393 ooo
499 3340 541 3408 ΡΙ
554 3340 659 3409 aliquod
671 3341 714 3460 Pi
728 3344 759 3395 16
772 3341 836 3405 nulli
848 3345 867 3406 ς
885 3341 963 3394 nullir
977 3343 1001 3392 P
1010 3341 1020 3407 ΙΙ
1034 3343 1065 3394 18
1080 3355 1150 3393 exer-

73 3413 164 3465 citatur
174 3411 221 3476 ΡΙ
234 3413 268 3464 te
280 3411 462 3476 equitumquae
481 3409 584 3460 aduitae
601 3413 662 3461 sunt
678 3424 692 3461 a
712 3425 744 3462 eo
758 3413 787 3463 ut
799 3424 904 3462 numero
916 3411 940 3460 P
949 3407 960 3476 ΙΙ
972 3410 1002 3460 21
1018 3407 1096 3460 millia
1109 3409 1150 3476 ΡΙΙ

72 3479 126 3532 aliis
136 3479 235 3545 scripte
249 3478 291 3545 ΡΙ
304 3479 339 3529 22
355 3481 416 3543 ιι1ς
441 3481 469 3530 et
479 3479 503 3528 P
513 3475 524 3544 Ι
535 3479 568 3529 24
585 3475 721 3543 ιιιίῑὶϋυες
745 3477 870 3530 militibus
882 3477 925 3544 ΡΙΙ
938 3478 971 3530 25
990 3477 1096 3529 trecenti
1108 3477 1149 3543 ΡΙΙ

73 3549 104 3599 to
118 3544 261 3601 darent?²
285 3545 377 3597 darent
393 3545 508 3612 equitum
525 3544 615 3596 darent
626 3546 658 3597 Ρ1
671 3545 681 3612 l
694 3545 788 3612 peditis
800 3544 935 3597 marono.
962 3543 1042 3610 pediti
1058 3546 1082 3595 Ρ
1105 3559 1149 3612 pe-

74 3613 149 3669 utun
167 3614 322 3668 Samen
337 3614 349 3679 Ι
366 3616 507 3679 aequarunt
524 3610 570 3680 ΡΙ
587 3617 660 3678 septe
677 3615 713 3678 Ρ,·
729 3611 795 3675 sort.
812 3617 964 3680 septemque
981 3611 992 3678 ΙΙ
1004 3615 1103 3678 septem
1122 3618 1149 3664 et

74 3691 119 3736 oct.
129 3713 165 3722 -
176 3696 277 3736 eronus
295 3685 337 3733 est
354 3680 404 3732 det
419 3681 562 3733 Weisreob.
574 3678 585 3746 Ι
598 3681 629 3732 21
647 3681 727 3733 millia
740 3681 783 3748 ΡΙΙ
796 3680 875 3732 luisse
893 3681 948 3745 (uel
965 3679 1044 3732 luisse
1061 3679 1150 3741 iidem)

71 3767 118 3814 pre
134 3754 168 3806 28
180 3755 224 3804 eet
235 3748 343 3816 quidam
354 3765 405 3801 rer.
417 3749 441 3802 1.
455 3751 621 3814 monim,
636 3754 699 3816 poet
712 3749 822 3801 romanis
834 3749 896 3800 add
909 3747 1027 3812 Madvig,
1045 3763 1096 3800 om.
1108 3747 1149 3812 ΡΙ

74 3821 103 3872 to
118 3819 351 3886 baodqmmquam
368 3815 409 3884 Pl
422 3816 506 3883 adque
525 3816 547 3867 Ρ

958 3897 995 3948 ¹1*
