2734 4250
204 134 246 198 82
586 136 678 191 tibull
695 136 796 205 xxvii
816 141 855 193 tl.
875 141 906 193 ib
1138 166 1159 199 a.
1174 167 1197 202 n.
1212 167 1234 201 e.
1247 158 1286 201 ult

203 309 329 373 uictoria
350 310 420 373 luit:
448 310 529 371 mille
550 310 645 372 terme
665 318 697 372 et
718 310 900 390 septingenti
921 310 959 373 de
981 310 1095 373 duabus
1117 311 1286 392 legionibus

204 405 236 457 et
255 395 405 457 sociorum
427 413 517 476 supra
538 394 618 458 mille
632 404 663 457 et
676 404 829 458 trecentos
850 394 957 471 oocisi;
980 396 1128 463 uulnerati
1144 396 1285 477 permulti

153 488 182 541 lt
203 480 314 543 ciuium
337 480 556 559 sociorumque.
600 479 751 542 Hannibal
774 490 862 543 nocte
884 480 1019 561 proxima
1048 490 1142 545 castra
1172 482 1284 555 monit;

204 566 374 647 cupientem
397 565 515 645 insequi
537 564 711 628 Harcellum
736 566 890 646 probibuit
916 565 1074 629 multitudo
1102 566 1283 629 sauciorum.

152 652 190 713 15
204 651 420 731 speculatores,
448 652 500 731 qui
528 661 784 732 prosequerentur
815 668 938 732 agmen,
971 650 1053 713 missi
1081 660 1205 733 postero
1236 652 1317 715 diet

204 736 385 799 rettulerunt
405 735 538 798 Bruttios
559 734 757 799 Hannibalem
779 743 892 816 petere.

167 829 182 881 2
288 821 384 883 lsdem
405 822 500 882 terme
522 820 626 884 diebus
648 829 678 883 et
700 821 736 882 ad
758 820 795 893 Q.
817 820 956 883 Fuluium
984 820 1137 884 consulem
1162 820 1284 902 Hirpini

205 915 236 969 ct
256 905 370 969 Lucani
392 915 422 968 et
443 906 610 968 Volcientes
630 905 745 967 traditis
766 906 919 987 praesidiis
940 904 1124 979 Hannibalis,
1151 923 1230 986 quae
1252 906 1284 969 in

205 991 330 1054 urbibus
358 990 524 1065 habebant,
553 990 730 1053 dediderunt
756 1008 839 1065 sese,
866 992 1088 1070 clementerque
1115 1009 1131 1051 a
1159 991 1286 1055 consule

205 1096 273 1140 cum
306 1076 467 1139 uerborum
497 1085 612 1139 motum
641 1076 834 1155 castigatione
863 1074 902 1137 ob
929 1093 1060 1138 errorem
1089 1076 1332 1156 praeteritnmtt

168 1162 335 1244 taccepti3
364 1171 395 1223 et
415 1161 539 1224 Hruttiis
559 1161 663 1224 similis
684 1179 754 1241 spes
781 1161 887 1223 ueniae
909 1162 984 1223 iacta
1006 1169 1066 1233 est,
1096 1178 1166 1223 cum
1187 1160 1227 1224 ab
1250 1161 1286 1224 iis

161 1276 168 1287 ·
206 1248 309 1310 Vibius
323 1255 353 1309 et
366 1246 490 1309 Paccius
502 1247 619 1319 tratres,
641 1246 731 1324 longe
746 1246 920 1309 nobilissimi
935 1246 1033 1325 gentis
1052 1246 1125 1319 eius,
1148 1246 1285 1321 eandem,

207 1351 283 1415 quae
296 1333 364 1395 data
377 1331 506 1393 bucanis
521 1339 593 1406 erat,
615 1331 824 1395 condicionem
846 1330 1004 1393 deditionis
1024 1338 1161 1411 petentes
1182 1332 1286 1394 uenis·

167 1426 283 1484 asem
326 1418 362 1489 Q.
378 1416 487 1479 Fabius
508 1416 614 1478 consul
636 1416 779 1497 oppidum
803 1417 833 1478 in
856 1415 1029 1479 Sallentinis
1044 1416 1231 1479 llaoduriam
1255 1417 1286 1478 ui

206 1504 294 1584 cepit
330 1503 371 1563 ibi
392 1501 428 1563 ad
450 1502 506 1563 tria
520 1501 600 1563 milia
614 1501 769 1563 hominum
792 1509 875 1582 capta
898 1510 928 1563 et
949 1510 1065 1564 ceterae
1080 1501 1210 1580 praedae
1232 1502 1327 1563 ali-ta

207 1597 362 1671 quantum.
404 1586 475 1648 inde
496 1587 657 1648 Tarentaam
680 1588 832 1665 proiectus
859 1587 890 1647 in
922 1585 994 1666 ipsis
1015 1585 1151 1649 lancibus
1178 1597 1286 1666 porbas

169 1674 307 1755 tposuit
329 1680 433 1734 castra.
470 1672 564 1745 nanu,
586 1689 660 1750 quas
675 1670 826 1735 Laeuinus
847 1671 977 1734 tutandis
995 1670 1210 1733 commeatibus
1232 1672 1284 1734 ba·

206 1758 328 1831 buerat,
355 1756 463 1837 partim
485 1754 754 1819 machinationibus
776 1764 881 1819 onerat
901 1766 1104 1836 apparatuque
1129 1757 1284 1819 moenium

207 1842 487 1924 oppugnandorum,
509 1841 616 1922 partim
637 1841 794 1903 tormentis
814 1852 846 1904 et
865 1842 943 1905 saxis
964 1842 1106 1921 omnique
1127 1841 1285 1905 missilium

206 1929 334 1991 telorum
361 1944 471 2007 genere
498 1926 634 1999 instruit,
663 1926 816 1989 onemrias
843 1944 979 2006 quoque,
1009 1945 1069 1989 non
1099 1944 1150 1989 eas
1176 1927 1328 2001 column

168 2021 283 2095 aquae
310 2011 400 2074 nmis
425 2020 599 2091 agerentur,
630 2020 664 2073 ut
691 2011 740 2073 alii
767 2012 919 2073 machinas
940 2011 1092 2090 scalasque
1120 2011 1156 2073 ad
1179 2030 1285 2074 muros

206 2103 330 2174 terrem,
352 2096 402 2160 alii
416 2096 523 2178 procul
537 2114 573 2158 ex
588 2096 716 2160 nauibus
731 2096 926 2160 uulnerarent
940 2097 1090 2160 moenium
1109 2114 1286 2178 propugna-

169 2194 296 2250 ttores
339 2185 395 2245 bae
423 2201 516 2244 naues
543 2192 578 2243 ut
606 2182 642 2244 ab
670 2191 775 2263 aperto
804 2183 876 2244 mari
911 2181 1016 2244 urbem
1049 2182 1287 2262 adgrederentur

207 2274 370 2336 instructae
391 2277 571 2349 parataeque
592 2277 672 2330 sunt
717 2277 746 2329 et
768 2277 831 2329 erat
851 2268 977 2330 liberum
999 2285 1090 2341 mare,
1111 2267 1207 2330 classe
1225 2267 1288 2330 Pu·

209 2358 284 2431 nica,
306 2373 374 2418 cum
391 2353 546 2434 Philippus
567 2369 742 2433 oppugnare
757 2353 877 2415 Aetolos
891 2361 1017 2434 pararet,
1040 2351 1200 2434 Corcyram
1223 2363 1286 2416 tra·
1306 2363 1333 2414 aa

164 2448 185 2501 'a
206 2444 303 2506 missa.
340 2440 370 2501 in
387 2438 509 2501 Bruttiis
523 2437 643 2499 interim
659 2437 825 2500 Caraloneae
846 2446 1068 2518 oppugnatores
1089 2436 1146 2499 sub
1168 2438 1285 2501 aduen-

207 2539 271 2591 tum
294 2523 485 2597 Hannibalis,
514 2541 554 2586 ne
575 2523 832 2602 opprimerentur,
860 2523 891 2584 iu
920 2523 1067 2585 tumulum
1091 2541 1109 2583 a
1131 2525 1287 2602 praesenti

207 2615 319 2694 impetu
340 2618 448 2681 tutum,
470 2608 506 2670 ad
528 2616 626 2669 catera
647 2608 779 2687 inopom,
801 2625 987 2672 consumme.

169 2703 186 2754 a
292 2694 417 2757 Fabium
437 2692 600 2754 Tarentum
627 2691 813 2755 obsidentem
841 2693 908 2757 leue
929 2693 1010 2754 dictu
1033 2701 1218 2755 momentum
1245 2695 1287 2756 ad

207 2799 271 2846 rem
291 2782 443 2858 ingentem
465 2777 639 2858 potiundam
661 2777 785 2840 adiuuit.
821 2778 999 2858 praesidium
1021 2777 1207 2840 Bruttiorum
1229 2779 1286 2841 da·
1308 2787 1336 2840 tu

207 2879 270 2930 tum
297 2864 335 2925 ab
362 2861 529 2926 Hannibale
556 2861 709 2924 Tarentini
739 2861 898 2924 habebant
941 2863 1005 2925 eius
1026 2861 1164 2943 praesidii
1193 2881 1287 2944 prae·

276 3001 292 3052 2
309 2997 380 3049 mille
398 3003 425 3048 et
443 2993 480 3046 Σ
497 3011 533 3048 oo
545 2993 588 3062 ΡΙ
600 3000 729 3048 ίιιοιιιιοι
745 2995 792 3047 uel
809 2996 914 3049 trecenti
932 3001 952 3062 ς
969 3009 1021 3047 ccc·
1039 2995 1098 3048 ΡΣ
1109 2994 1120 3063 Ι
1133 2999 1147 3048 'l
1161 3011 1214 3064 que
1231 2995 1286 3049 lul-

208 3069 278 3122 nium
296 3065 339 3134 ΡΙ
350 3065 426 3132 irpini
444 3061 486 3146 Ρη
500 3065 515 3162 ξ
533 3062 669 3144 ιιΙιίιιίίι
688 3064 712 3115 Ρ
726 3065 875 3116 uolsceuses
892 3063 937 3115 uel
947 3063 1093 3144 nolscentes
1106 3063 1165 3130 ΣἾ
1179 3078 1232 3130 qne
1245 3067 1287 3115 Σ·

207 3135 295 3273 llll
307 3138 457 3268 lustrat
470 3134 590 3252 deli
609 3131 880 3267 ‘ulutatus
892 3131 1287 3268 {lllliffi'fibsf'lss

206 3275 248 3342 ΡΙ
263 3276 295 3328 lb
306 3289 343 3327 οο
355 3287 392 3326 σο
405 3287 441 3324 oo
454 3272 477 3321 P
491 3272 612 3336 quattuor
627 3267 697 3320 milia
716 3266 777 3335 ΣΙ
791 3271 822 3320 Π
840 3282 904 3335 qnae
922 3267 995 3320 ΡΣ*
1009 3268 1081 3336 qnasi
1094 3267 1127 3318 1²¹
1138 3265 1148 3334 Ι
1162 3265 1285 3321 lacuinus

209 3343 238 3396 G.
250 3343 283 3394 Ρ.
295 3341 385 3406 Unger
402 3337 496 3389 Pba'lol
513 3335 548 3389 dd
565 3336 658 3401 (1881)
679 3337 728 3390 186
744 3353 782 3402 sq.
801 3337 879 3389 liuius
896 3335 974 3404 ΡΣῚ
989 3337 1021 3390 18
1035 3339 1133 3401 partem
1145 3335 1189 3402 ΡΙ
1202 3351 1286 3403 appa-

207 3416 317 3478 ratuque
334 3407 373 3458 Σ
390 3399 627 3478 apparatolqooqoe
643 3403 687 3471 ΡΙ
702 3405 733 3458 19
751 3405 843 3471 partim
862 3403 899 3454 Σ*
917 3418 1005 3472 parom
1017 3404 1061 3468 ΡΙ
1072 3405 1105 3456 20
1119 3402 1284 3470 telorumque

208 3477 244 3530 Σ
256 3478 266 3545 Ι
279 3489 383 3544 qnoque
401 3489 453 3526 non
470 3487 514 3525 eas
531 3472 580 3535 Σῑ,
597 3488 648 3526 om.
666 3473 707 3536 Pl
722 3475 753 3526 21
772 3471 902 3524 machinas
914 3470 982 3524 scala
1015 3470 1113 3526 ,ΡΝ
1131 3471 1217 3524 scalas
1228 3487 1285 3522 naa-

207 3546 348 3610 eblnasque
365 3540 470 3609 ΣῚ22
487 3541 601 3594 monium
618 3541 651 3592 Ρι
669 3541 796 3594 maenium
815 3539 916 3606 Pltt
933 3547 963 3592 ut
1018 3553 1095 3602 ,ιιι
1114 3539 1138 3589 Ρ
1154 3539 1208 3605 {ab
1227 3553 1283 3592 on.

207 3612 246 3663 Σ·
257 3611 269 3679 Ι
280 3613 315 3664 24
331 3617 487 3676 parataeque
504 3625 559 3662 raa.
575 3625 611 3660 aa
628 3615 801 3676 parataeqnae
818 3609 864 3674 ΡΙΙ
879 3609 910 3660 ib
930 3621 1060 3660 cossuram
1079 3605 1126 3674 ΡΙ
1140 3608 1173 3660 26
1191 3606 1283 3659 canio-

208 3694 256 3733 nee
274 3676 314 3728 Σ*
329 3683 454 3728 mutones
470 3677 512 3744 ΡΙ
524 3675 663 3729 aduentum
681 3676 718 3726 Σ
737 3675 849 3729 aduentu
861 3676 902 3742 ΡΙΙ
917 3677 949 3729 28
960 3674 993 3728 ad
1006 3679 1089 3728 cetera
1102 3674 1207 3742 inopem
1219 3689 1283 3727 con-

209 3758 310 3798 cessem
326 3743 363 3794 2²
379 3757 437 3796 sere
452 3743 486 3796 1²¹
503 3761 532 3797 se
549 3759 668 3812 recepere
685 3742 720 3795 1³¹
736 3742 746 3811 Ι
764 3745 797 3798 tt
815 3743 975 3796 obsidentem
995 3747 1122 3798 tarentum
1141 3741 1179 3792 Σ
1195 3741 1206 3810 Ι
1225 3757 1282 3794 rno-

207 3819 320 3866 mentum
338 3809 383 3874 Σ,
400 3826 451 3864 om.
468 3812 510 3879 ΡΙ
522 3815 555 3866 30
573 3811 720 3879 potiendam
739 3811 776 3861 ΣΙ
1279 3863 1286 3870 ,
