2734 4250
84 176 106 211 ι
118 168 171 213 ω,
183 168 224 213 aaa
486 150 582 205 uuus
599 150 698 217 nvn,
718 154 751 206 tt
1111 150 1151 214 81

82 332 112 385 ct
131 322 234 404 copias
255 324 363 386 educit
405 334 570 405 pugnatum
593 324 744 405 utrimque
771 325 922 405 aliquanto
952 344 1039 406 quam
1061 327 1156 407 pridie

82 410 178 471 acrius
200 420 262 483 est,
291 409 399 471 Poenis
419 410 456 471 ad
480 410 676 490 optinendum
702 410 874 473 hesternum
904 410 996 473 decus
1019 410 1157 475 adniten-

81 494 168 568 thus,
190 494 332 556 Romanis
352 494 389 556 ad
404 495 578 557 demendam
601 495 805 574 ignominiam.
841 496 959 559 sinsus
980 496 1024 557 ala
1043 496 1081 559 ah
1096 497 1158 560 llo-
1178 508 1193 560 t

81 580 177 641 mnia
197 588 229 641 et
247 580 396 653 cohortes,
419 596 495 659 quae
516 580 676 643 amiserant
690 580 784 660 signa,
806 581 837 642 in
854 581 949 661 prima
962 582 1026 643 acie
1039 599 1155 663 pugna-

42 665 166 738 ὅδευε,
193 674 224 726 et
245 664 322 745 legio
343 665 506 727 uicensima
527 665 564 726 ah
585 667 690 727 dextm
713 684 808 727 cornu
831 666 983 729 instructa.
1028 666 1061 728 L.
1084 668 1194 731 Gor-t

80 750 176 812 nolim
191 750 337 812 Lentulus
358 760 389 811 et
409 749 439 811 0.
456 750 594 812 Claudiam
608 750 687 812 Nero
710 751 797 830 legati
819 751 961 814 cornibus
981 762 1152 832 praeerant;

78 834 237 898 llarcedus
258 834 385 896 mediam
406 835 499 896 aciem
520 834 658 897 hortatur
677 836 820 915 testisque
846 854 989 916 praesens
1009 838 1153 901 drreehet.

77 919 116 981 ah
132 919 300 981 Hannibale
315 918 438 1000 Hispani
460 920 585 1001 primam
608 920 786 1001 optinehant
807 920 946 995 frontem,
968 930 998 983 et
1018 922 1047 983 id
1065 924 1155 985 roho·
1175 936 1191 986 a

78 1004 120 1067 ris
141 1006 173 1067 in
189 1006 273 1066 omni
288 1005 421 1067 exercitu
436 1014 508 1067 erat
545 1024 613 1067 cum
628 1023 740 1086 anceps
754 1005 805 1068 diu
820 1023 920 1087 pugna
936 1015 1021 1081 esset,
1040 1008 1155 1070 Hanni·
1175 1020 1192 1071 t

27 1102 56 1154 to
77 1090 127 1152 hal
148 1089 325 1170 elephantos
345 1091 377 1151 in
400 1090 524 1170 primam
547 1090 640 1152 aciem
662 1091 764 1153 induci
780 1092 872 1166 iussit,
895 1092 1026 1171 siquem
1042 1093 1153 1156 inicere

76 1194 112 1237 aa
138 1194 189 1237 rea
219 1176 379 1236 tumultum
410 1193 447 1237 ac
478 1193 620 1257 pauorem
652 1186 763 1256 posset.
807 1186 837 1237 et
868 1177 965 1255 primo
996 1176 1190 1242 turbarunt't

76 1261 161 1341 signa
182 1260 377 1339 ordinesque,
407 1269 438 1322 at
457 1260 565 1341 partim
594 1261 755 1323 occulcatis
783 1260 889 1341 partim
914 1261 1072 1342 dissupatis
1093 1273 1152 1325 ter·
1194 1290 1197 1297 ·

76 1364 157 1419 rore,
180 1346 233 1425 qui
255 1345 333 1406 circa
356 1354 457 1420 arant,
479 1346 666 1408 nudauerant
689 1364 747 1408 nna
770 1347 984 1425 pannoniam,
1007 1347 1189 1428 latiusquee

75 1432 147 1509 iuga
166 1438 326 1504 manasset,
349 1430 380 1491 ni
403 1430 434 1492 C.
456 1430 606 1493 lleoimius
629 1430 737 1493 Flauus
760 1429 898 1493 tribunus
919 1430 1044 1493 militum
1065 1433 1151 1513 signo

26 1528 55 1579 tt
75 1524 196 1595 arrepto
218 1515 307 1595 primi
329 1516 433 1577 hastati
456 1516 639 1596 manipulum
662 1516 727 1578 eius
747 1516 824 1595 signi
846 1517 930 1595 sequi
956 1536 988 1579 se
1009 1516 1151 1581 iussisset.

75 1601 170 1672 duxit,
188 1600 240 1662 uhi
254 1600 380 1661 maxime
394 1601 554 1663 tumultum
569 1600 763 1681 conglobatae
778 1599 882 1662 haluae
898 1601 1054 1675 iaciebant,
1077 1604 1147 1683 pila·

76 1704 139 1766 qua
159 1687 191 1747 in
214 1702 264 1747 aaa
285 1686 383 1747 conici
404 1686 498 1748 iussit.
534 1686 656 1748 haesere
676 1687 777 1749 omnia
799 1685 867 1758 tela,
893 1686 971 1749 haud
989 1688 1101 1750 dilflcili
1115 1698 1187 1751 ext

74 1771 248 1852 propinquo
263 1770 295 1831 in
308 1780 391 1832 tanta
404 1788 532 1851 corpora
553 1771 615 1832 ictu
637 1780 667 1834 et
682 1780 747 1833 tum
763 1772 897 1833 conferta
911 1772 1006 1834 turha.
1043 1775 1094 1836 sad
1118 1782 1152 1837 ut

74 1874 141 1917 non
164 1872 269 1917 omnes
291 1856 438 1919 uulnerati
458 1863 539 1931 aunt,
561 1855 600 1917 ita
620 1857 653 1917 in
676 1873 807 1936 quorum
825 1858 917 1937 tergis
938 1858 1026 1920 inllxa
1041 1868 1150 1923 stetere

25 1952 54 2004 a}
73 1941 146 2022 pila,
167 1951 202 2001 nt
223 1948 268 2002 eat
289 1957 385 2020 genus
405 1959 527 2021 anceps,
548 1940 580 2002 in
595 1942 694 2023 lugam
710 1941 789 2004 uersi
810 1941 896 2003 etiam
916 1943 1049 2023 integros
1062 1962 1149 2007 auar-

73 2036 152 2088 tere.
190 2034 253 2086 tum
275 2026 333 2087 iam
356 2044 419 2087 non
434 2044 514 2088 unus
527 2027 706 2106 manipulus,
728 2028 779 2089 sed
796 2044 851 2106 pro
867 2028 1041 2108 aequisque
1056 2030 1149 2106 miles,
1173 2036 1202 2091 to

73 2111 129 2192 qui
150 2112 239 2173 modo
253 2111 374 2191 adsequi
389 2129 495 2190 agmen
511 2112 688 2194 lugientium
703 2112 927 2194 elephantorum
944 2123 1069 2194 poterat,
1091 2115 1149 2195 pila

74 2196 226 2258 conicere.
270 2215 307 2258 eo
329 2195 422 2277 magis
443 2213 532 2258 ruere
553 2199 583 2258 in
606 2215 678 2259 suos
705 2197 810 2259 beluae
838 2205 980 2277 tantoque
1007 2200 1149 2262 maiorem

73 2291 204 2361 ιιι-εμπ»
234 2281 340 2356 edere,
368 2299 456 2362 mam
484 2281 563 2344 inter
588 2282 683 2345 hostie
710 2281 879 2354 ediderant,
913 2292 1025 2362 quanto
1054 2285 1150 2348 sorios

24 2377 52 2430 z
71 2383 171 2448 pauor
200 2375 419 2429 consternatam
448 2367 526 2447 agit,
560 2384 648 2447 quam
681 2366 838 2429 insidentia
864 2367 997 2447 magistri
1024 2369 1149 2450 imperio

71 2451 197 2532 regitur.
234 2452 266 2513 in
287 2451 488 2532 perturbatam
509 2461 683 2514 transcursu
705 2451 859 2513 helnarum
883 2453 974 2514 aciem
996 2454 1080 2533 signa
1103 2455 1150 2518 in·
1171 2461 1200 2515 11

71 2539 177 2599 lerunt
201 2535 328 2598 Romani
355 2537 470 2617 pedites
497 2546 529 2600 et
554 2537 633 2599 haud
660 2554 769 2616 magno
798 2537 960 2599 certamine
983 2537 1149 2619 dissupatos

71 2622 310 2701 trepidantisque
331 2629 480 2683 auertunt
525 2632 588 2684 tuna
616 2623 647 2683 in
670 2623 818 2700 largientes
841 2623 1003 2702 equitatum
1027 2625 1150 2687 inmittit
1170 2635 1199 2688 ta

71 2706 239 2780 llaroallus,
265 2723 323 2768 nec
343 2716 413 2768 ante
435 2708 502 2769 duis
523 2705 668 2787 sequendi
690 2717 736 2769 est
757 2709 863 2782 laetus,
888 2725 976 2787 quam
999 2709 1029 2770 in
1053 2721 1148 2773 castra

25 2803 53 2855 a)
71 2800 219 2872 pauentes
239 2791 377 2872 conpulsi
397 2802 478 2854 sunt.
522 2810 590 2854 nam
613 2810 705 2873 super
719 2791 782 2866 elia,
807 2809 882 2872 quae
897 2803 1041 2856 terrorem
1057 2797 1148 2877 trepi-
1170 2804 1198 2856 tt

71 2875 284 2956 dationemque
312 2877 458 2950 lacerent,
492 2877 642 2958 elephanti
669 2895 791 2957 quoque
818 2878 878 2939 duo
907 2878 938 2939 in
967 2879 1029 2960 ipsa
1062 2891 1148 2962 porta

71 2970 260 3036 corruerant,
281 2963 435 3041 coactique
458 2970 544 3024 erant
564 2962 670 3026 milites
683 2980 739 3043 per
753 2964 861 3026 fossam
877 2963 1046 3044 uallumque
1060 2983 1148 3028 ruere

71 3047 103 3108 in
127 3055 232 3108 castra
275 3045 317 3108 ihi
343 3046 468 3109 maxima
495 3047 624 3110 hostium
651 3047 757 3110 caedes
785 3049 875 3110 lacta:
903 3066 986 3112 caesa
1015 3050 1052 3112 ad
1078 3059 1147 3114 octo

7 3090 11 3205 l
71 3131 153 3194 milia
181 3131 352 3207 hominnm,
379 3133 515 3212 quinque
542 3132 701 3213 elephanti.
745 3150 801 3193 nec
823 3133 966 3196 Romanis
993 3135 1149 3198 incruenta
1171 3145 1200 3197 tt

141 3285 155 3334 1
175 3289 203 3333 et
219 3281 267 3347 ΣΙ,
289 3297 340 3362 oart
357 3281 406 3350 ΡΙ
423 3284 439 3335 3
456 3282 558 3335 sinistra
581 3281 642 3334 PJ'
664 3281 754 3334 dextra
770 3283 796 3335 J.
805 3285 963 3335 Perizonius
985 3288 1012 3334 et
1027 3283 1147 3356 Μαι

73 3353 89 3402 h
107 3355 158 3401 aar
173 3348 381 3402 dnodenlccsmra
400 3365 459 3402 cura
476 3351 501 3403 J.
512 3352 651 3403 Parisoaio
673 3351 842 3402 arridendum
867 3356 915 3402 out
931 3365 989 3417 cop.
1008 3351 1092 3414 1214
1109 3353 1147 3406 ol·

72 3417 878 3567 &mtwmtutl'ltdllt‘ttuff
911 3420 1147 3554 hildilid!

9 3596 10 3655 l
71 3553 115 3620 ΡΙ
129 3556 162 3607 tl
179 3551 229 3605 nial
246 3553 285 3604 2¹
296 3554 309 3621 Ι
322 3555 356 3608 ld
371 3553 539 3607 ooaclohatae
557 3554 600 3622 ΡΙ
614 3557 644 3609 tl
663 3551 770 3607 dllfleale
788 3554 867 3622 1³2¹!
883 3557 914 3608 18
931 3561 985 3608 tum
998 3555 1113 3638 eoelerta
1125 3559 1150 3610 Ρ

9 3662 10 3701 3
72 3635 132 3673 eum
154 3620 272 3674 conderet
294 3621 352 3673 2¹?
369 3627 421 3674 man
439 3621 552 3704 contestu
571 3624 610 3674 Σ(
626 3624 685 3689 12¹1
704 3622 850 3704 dissupatas
867 3622 914 3691 ΡΙ
934 3624 967 3677 28
984 3623 1147 3691 unpedantia·

71 3687 472 3892 aageqpqnsre
488 3690 541 3827 u:
555 3691 591 3811 r
604 3693 660 3813 ro
676 3689 982 3827 ,ἢ
992 3693 1147 3815 anre

123 3915 204 3961 hlnlnr
217 3915 246 3961 lv
622 3953 626 3965 .
976 3914 992 3965 d
