2734 4250
194 147 256 207 230
565 148 658 201 LIBER
676 148 796 214 XXVIIII,
814 153 856 203 29.
874 153 907 203 att
1125 177 1146 209 a.
1162 177 1184 209 u.
1199 176 1222 209 e.
1235 168 1276 209 5³⁰

142 332 171 383 11
192 322 222 383 in
239 322 332 383 aciem
347 339 382 387 ac
403 322 542 383 dimicare
566 322 602 383 de
626 341 719 401 regno
742 322 848 400 coegit
892 322 924 383 in
948 340 984 383 eo
1006 322 1120 403 proelio
1140 322 1274 401 Capussa

194 426 262 469 cum
274 402 373 467 multis
386 407 555 485 principum
571 407 693 481 occidit;
708 425 784 486 gens
795 406 1004 468 Maesuliorum
1019 406 1118 469 omnis
1130 408 1163 468 in
1179 408 1274 469 dicio·

142 503 170 553 11
193 508 262 553 nem
285 491 503 571 imperiumque
525 491 690 553 Mazaetulli
712 492 870 553 concessit.
913 492 997 570 regio
1018 503 1119 552 umen
1148 495 1275 553 nomine

194 576 336 656 apstinuit
361 584 580 655 contentusque
603 577 725 637 nomine
746 576 863 637 modico
885 578 993 638 tutoris
1019 594 1147 657 puerum
1174 578 1275 639 Lacu·

142 673 172 724 12
194 680 310 735 mezen,
339 661 390 739 qui
413 660 515 741 stirpis
536 661 634 739 regiae
656 672 821 739 supererat,
844 680 946 741 regem
967 661 1105 741 appellat
1149 663 1315 724 Cartha-a

194 746 358 826 giniensem
382 746 513 807 nobilem
535 746 693 817 seminam,
722 746 835 808 sororis
857 746 945 807 liliam
975 745 1166 821 Hannibalis,
1193 766 1276 827 quae

195 832 327 910 proxime
344 830 459 892 Oezalci
478 830 542 910 regi
566 840 657 909 nupta
681 833 787 905 luerat,
809 831 1000 893 matrimonio
1021 830 1078 893 sibi
1099 832 1197 911 iungit
1217 852 1276 912 spe

142 928 171 977 1³
192 916 477 995 Carthaginiensium
496 915 643 977 societatis
658 926 688 977 et
710 935 778 977 curn
793 917 928 996 Syphace
942 916 1103 996 hospitium
1119 926 1276 979 uetustum

194 1002 296 1081 legatis
319 1002 414 1062 missis
436 1010 577 1071 renouat,
609 1001 708 1061 omnia
730 1019 764 1062 ea
786 1001 893 1062 auxilia
919 1018 1102 1081 praeparans
1127 1003 1277 1065 aduersus

194 1087 386 1149 Masinissam.
1299 1100 1328 1149 to

142 1176 181 1232 21)
280 1171 318 1231 Et
340 1168 508 1241 Masinissa,
530 1170 629 1231 audita
651 1179 748 1231 morte
771 1170 886 1249 patrui,
908 1170 977 1232 dein
1000 1188 1074 1231 nece
1096 1172 1197 1232 fraus
1219 1191 1275 1251 pa·

194 1256 307 1329 truelis,
330 1276 366 1316 ex
382 1256 523 1335 Hispania
538 1256 569 1317 in
586 1255 798 1315 Mauretaniam
814 1290 856 1299 -
871 1254 950 1333 llaga
965 1274 999 1315 ea
1022 1265 1197 1334 tempestate
1220 1276 1275 1318 rex

157 1352 172 1401 a
194 1342 364 1403 Maurorum
376 1350 439 1401 erat
455 1374 492 1384 -
509 1340 633 1401 traiecit.
663 1340 750 1401 abeo
766 1340 892 1420 supplex
906 1340 1017 1401 infimis
1032 1341 1173 1419 precihus
1186 1342 1273 1403 auxi-

194 1427 269 1487 lium'
288 1426 402 1499 itineri,
425 1426 567 1504 quoniam
588 1425 666 1486 hello
690 1444 752 1485 non
775 1434 901 1504 poterat,
924 1434 1065 1504 quattuor
1086 1424 1168 1486 milia
1189 1426 1275 1487 Mau-

155 1524 170 1571 a
193 1530 294 1572 rorum
310 1510 489 1590 impetrauit
533 1528 600 1571 oum
616 1510 662 1583 iis,
678 1510 841 1589 praemisso
857 1510 964 1571 nuntio
977 1510 1015 1571 ad
1029 1519 1172 1590 paternos
1185 1530 1275 1573 snos·
1297 1523 1324 1573 tt

194 1615 252 1674 que
274 1596 400 1669 amicos,
423 1614 491 1656 cum
515 1597 549 1655 ad
573 1593 641 1655 linis
664 1595 750 1673 regni
772 1594 974 1674 peruenisset,
998 1595 1155 1675 quingenti
1176 1596 1274 1658 ferme

155 1693 171 1742 a
192 1680 334 1741 Numidae
349 1680 385 1741 ad
401 1698 469 1742 eum
484 1690 704 1743 conuenerunt
748 1679 840 1758 igitur
861 1678 971 1740 Mauris
993 1679 1073 1752 inde,
1096 1679 1176 1741 sicut
1196 1701 1273 1744 con·

195 1776 327 1835 uenerat,
350 1775 430 1825 retro
451 1764 487 1825 ad
510 1782 618 1842 regem·
633 1764 773 1837 remissis,
796 1782 973 1842 quamquam
997 1765 1148 1844 aliquanto
1171 1768 1275 1829 minor

193 1868 245 1928 spe
261 1848 429 1921 multitudo,
453 1866 509 1910 nec
526 1868 595 1909 cum
610 1868 669 1928 qua
690 1859 802 1909 mnam
825 1868 889 1910 rem
910 1849 1030 1929 adgredi
1045 1850 1115 1910 satis
1136 1851 1274 1924 auderet,

155 1945 170 1995 5
192 1945 383 2008 conuenerat,
399 1943 480 1996 ratus
492 1934 606 2013 agendo
622 1952 656 1995 ac
671 1933 821 1995 moliendo
837 1933 917 1995 uires
933 1952 1054 2013 quoque
1067 1934 1105 1995 ad
1122 1938 1275 2014 agendum
1295 1948 1323 1998 at

192 2019 301 2097 ahquid
324 2019 545 2091 conlectumm,
568 2020 769 2098 proficiscenti
790 2018 828 2079 ad
843 2019 1009 2099 Syphacem
1024 2018 1206 2081 Lacumazae
1224 2040 1274 2082 re·

155 2104 262 2186 tgulo
284 2104 321 2165 ad
343 2103 493 2185 Thapsum
522 2104 660 2166 occurrit.
703 2102 853 2185 trepidum
876 2121 983 2183 agmen
1005 2121 1075 2165 cum
1103 2104 1133 2166 in
1164 2106 1273 2168 urbem

192 2191 359 2269 relegisset,
382 2201 413 2250 et
433 2191 538 2251 urbem
554 2190 706 2252 Masinissa
728 2189 825 2270 primo
847 2188 960 2268 impetu
981 2190 1062 2268 capit
1079 2202 1110 2250 et
1131 2210 1168 2251 ex
1182 2193 1276 2271 regiis

193 2277 266 2356 alios
288 2274 431 2336 tradentis
453 2295 485 2337 se
506 2275 622 2354 recipit,
644 2275 717 2336 ahos
739 2274 801 2335 uim
823 2274 955 2354 parantis
977 2273 1101 2350 occidit;
1123 2293 1193 2354 pars
1210 2296 1276 2337 ma·

192 2362 269 2422 xima
285 2378 353 2422 cum
369 2360 434 2440 ipso
449 2379 542 2442 puero
557 2359 637 2421 inter
652 2359 812 2420 tumultum
827 2359 864 2420 ad
878 2359 1052 2439 Syphacem,
1068 2379 1129 2439 quo
1142 2361 1275 2440 primurn
1299 2371 1327 2422 n

156 2457 171 2507 t
192 2445 382 2507 intenderant
395 2445 460 2517 iter,
480 2454 696 2526 peruenerunt
740 2446 817 2504 lama
831 2443 920 2505 huius
934 2443 1068 2504 modicae
1082 2445 1126 2506 rei
1139 2444 1172 2506 in
1188 2447 1277 2525 prin·

193 2530 270 2609 cipio
293 2547 395 2590 rerum
416 2548 560 2610 prospere
581 2539 663 2592 actae
686 2529 837 2590 conuertit
857 2528 894 2589 ad
916 2527 1101 2590 Masinissam
1122 2530 1275 2599 Numidas,

193 2615 420 2694 adfluebantque
443 2614 576 2693 undique
598 2633 634 2674 cx
657 2615 735 2694 agris
757 2614 893 2692 uicisque
914 2623 1032 2674 ueteres
1052 2614 1161 2676 milites
1184 2615 1276 2677 Gahe

154 2711 170 2763 8
191 2709 220 2761 et
235 2698 398 2761 incitabant
413 2699 552 2761 iuuenem
568 2699 604 2760 ad
620 2700 848 2779 reciperandum
864 2708 1024 2779 paternum
1037 2716 1174 2777 regnum.
1213 2719 1274 2762 nu·

191 2803 275 2846 mero
298 2784 425 2844 militum
446 2785 630 2863 aliquantum
653 2784 843 2846 Mazaetullus
863 2783 1038 2863 superabat;
1068 2802 1137 2845 nam
1158 2785 1278 2865 etipse
1298 2795 1328 2845 ae

192 2887 261 2930 eum
288 2868 467 2942 exercitum,
497 2887 557 2948 qno
587 2869 748 2948 Capussam
777 2870 906 2940 uicerat,
935 2877 967 2928 et
986 2886 1024 2928 ex
1048 2869 1178 2948 receptis
1205 2881 1277 2949 post

263 3004 275 3051 1
296 3000 382 3065 coegit
399 3002 438 3050 2¹
459 3002 527 3070 cepit
544 3001 591 3068 Pl
608 3016 704 3070 capusa
727 3004 786 3053 2⁸?
799 3002 810 3070 Ι
822 3003 845 3056 ’2
862 3002 1045 3055 maesultorum
1062 3003 1087 3053 Ρ
1107 3001 1276 3055 meeullorurn

192 3071 232 3119 2¹
247 3068 256 3135 ΙΙ
269 3067 363 3120 indicio
376 3069 418 3137 ΡΙΙ
431 3071 446 3121 3
466 3070 601 3122 mazaetnli
614 3072 638 3122 Ρ
651 3070 772 3122 meaetnli
789 3072 836 3121 uel
845 3071 976 3123 mezetulii
987 3073 1028 3121 2⁸
1042 3070 1054 3138 Ι
1066 3073 1083 3122 1
1094 3070 1220 3123 abstinuit
1232 3073 1273 3121 2²

192 3153 308 3222 apsundt
326 3153 367 3220 Pl
380 3155 471 3205 tutoris
490 3171 524 3205 ee
542 3154 670 3207 tutoribus
681 3155 713 3206 Ρ
726 3155 737 3221 Ι
748 3154 897 3208 lacumaaen
909 3159 929 3220 ς
944 3156 1114 3208 iudetmazcn
1129 3153 1276 3207 Piaehnu·

191 3239 281 3275 manen
294 3223 333 3272 2¹
348 3221 358 3289 ΙΙ
371 3225 385 3273 'l
400 3223 513 3288 proxime
525 3223 624 3274 oeaacri
638 3223 670 3274 Ρι
683 3223 799 3286 proximo
811 3224 894 3276 ezacri
906 3225 941 3275 ΡΙ
956 3224 1071 3290 proxime
1082 3221 1196 3273 oezaleu'
1208 3223 1250 3272 2¹
1264 3225 1276 3288 Ι

192 3299 271 3359 nupta
293 3292 347 3356 regi
366 3291 405 3340 2²
427 3289 563 3357 llssuetus
581 3295 635 3342 turn
654 3292 694 3341 2²
712 3294 722 3357 Ι
743 3295 774 3344 11
793 3291 878 3343 fratris
900 3291 949 3342 dcl.
968 3290 1022 3356 1³⁸1
1039 3293 1070 3345 12
1086 3290 1151 3355 bega
1169 3292 1194 3343 P
1207 3291 1274 3343 baca

192 3361 232 3410 2¹
251 3361 261 3426 [1
281 3359 311 3413 13
331 3357 432 3410 traiecit
450 3358 474 3409 Ρ
494 3357 577 3410 traicit
595 3358 632 3408 2¹
648 3357 658 3425 Ι
677 3357 768 3425 suplex
787 3359 835 3426 ΡΙ
852 3358 986 3426 praecibus
1004 3358 1051 3426 ΡΙ
1072 3361 1103 3411 ta
1127 3356 1208 3408 millia
1227 3360 1276 3424 Pp

194 3431 225 3482 19
238 3441 309 3495 spem
328 3427 368 3476 22
383 3425 392 3493 ΙΙ
406 3431 476 3478 unm
488 3426 530 3493 ΡΙΙ
544 3427 577 3478 20
590 3433 744 3478 conuenerat
755 3425 909 3488 Alschefski
925 3441 1069 3480 conuenere
1082 3425 1115 3478 Ρ1
1126 3441 1273 3479 conuenere

193 3497 239 3554 1³¹,
257 3511 308 3546 om.
321 3497 360 3544 2²
375 3493 542 3560 laugendum
555 3495 594 3543 2²
609 3493 618 3561 ΙΙ
632 3495 661 3547 21
680 3494 773 3562 aliquit
789 3495 832 3561 ΡΙ
844 3495 1018 3547 coelectorum
1037 3496 1076 3545 2¹
1096 3493 1275 3547 coniecturum

192 3563 236 3629 ΡΙ]
248 3562 433 3626 proficiscendo
451 3563 490 3611 2¹
505 3563 515 3628 ΙΙ
533 3562 698 3614 lancumaaae
715 3563 758 3629 ΡΙ
771 3564 804 3615 22
825 3564 926 3615 thaam
945 3564 984 3613 2²
1003 3561 1015 3629 Ι
1032 3563 1065 3614 23
1082 3567 1110 3614 et
1127 3561 1217 3613 nemea
1236 3565 1276 3613 2¹

194 3631 282 3680 urbem
300 3630 340 3691 Pl
354 3635 380 3680 et
392 3645 424 3682 ex
436 3629 474 3680 2¹
491 3645 523 3682 ex
536 3629 578 3748 pd
590 3631 624 3683 21
638 3629 736 3696 recepit
746 3632 787 3680 2²
802 3628 857 3698 125
876 3645 1026 3698 sympacem
1038 3629 1071 3682 Ρι
1085 3644 1209 3696 sypaoem
1220 3633 1255 3683 Ρ·
1266 3636 1277 3694 Ι

193 3699 226 3749 26
250 3695 412 3749 intenderant
429 3699 466 3747 2¹
490 3698 560 3750 interr
580 3703 635 3750 erat
654 3697 676 3747 Ρ
692 3697 747 3766 121
768 3713 907 3765 prosperae
924 3698 971 3766 ΡΙ
988 3706 1045 3750 acte
1063 3699 1104 3748 2¹
1124 3712 1213 3749 acutae
1241 3701 1276 3750 Ρι

193 3778 282 3814 acmen
300 3763 335 3811 1²·
362 3769 445 3816 aernte
464 3767 523 3833 pap
544 3767 576 3818 29
594 3765 736 3818 incitabant
753 3767 790 3817 2¹
807 3766 951 3818 inuitabant
966 3765 1010 3833 ΡΙ
1026 3765 1223 3830 reciperandum
1242 3767 1276 3817 Ρι

192 3828 395 3896 recuperandum
407 3832 620 3900 P²2²1nmnero
632 3834 671 3882 2¹
687 3848 731 3886 ero
743 3835 787 3900 ΡΙ
798 3838 832 3888 30
844 3833 996 3886 maaetnlins
1008 3835 1048 3884 2²
1057 3834 1105 3900 131
1121 3836 1278 3902 capusum?
