2734 4250
206 150 247 209 82
592 148 685 204 UBHR
703 150 779 216 111111,
798 153 883 205 18.19
1153 174 1174 207 a.
1185 176 1207 209 3.
1217 166 1281 208 3131

204 323 293 383 hoste
314 321 395 383 uinci
418 321 529 383 desisse
551 340 585 383 ac
607 322 769 401 respirasse
786 322 823 383 ab
838 319 991 383 continuis
1006 318 1139 381 cladibus
1153 353 1196 365 —
1212 320 1281 381 baec

208 408 389 486 nequiquam
412 407 599 485 praemonito
615 406 756 486 magistro
774 406 907 485 equitum
922 405 1045 465 Romam
1062 414 1107 466 est
1121 407 1281 484 protectus.

154 499 191 556 19
295 490 445 571 Principio
467 492 593 568 aestatis,
617 510 675 571 qua
695 492 769 552 baec
791 490 981 570 gerebantur,
1003 489 1034 550 in
1052 488 1193 568 Hispania
1207 507 1281 568 quo·

170 589 265 655 tque
293 585 371 638 terra
398 575 532 654 marique
560 585 698 656 coeptum
727 575 837 637 bellum
867 584 920 637 est.
965 573 1131 635 Hasdrubal
1155 573 1191 634 ad
1215 592 1280 635 eum
1361 629 1362 640 ,

207 662 329 723 nauium
352 678 527 731 numerum,
553 662 679 739 quem'a
702 661 792 721 fratre
814 660 993 721 instructum
1015 667 1212 737 paratumque
1234 672 1314 720 333
1361 692 1362 725 ;

169 758 184 807 a
206 754 335 825 ceperat,
358 745 459 806 decem
482 744 604 807 adiectis
625 745 819 825 quadraginta
842 744 964 805 nauium
984 743 1107 805 classem
1122 743 1282 805 Himilconi
1361 786 1362 789 ,

207 830 304 904 tradit,
327 837 415 908 atque
429 829 468 890 ita
484 829 660 909 Carthagine
675 831 829 909 proiectus
844 829 929 890 nauis
945 846 1040 908 prope
1054 838 1174 902 terram,
1199 846 1284 889 exer-

208 915 299 976 citum
319 914 351 975 in
375 914 461 975 litore
483 913 610 975 ducebat
634 923 755 994 paratus
783 914 960 995 confligere,
989 929 1178 992 quacumque
1200 922 1285 991 parte
1354 986 1355 991 ¹

169 1000 359 1079 acopiarum
381 999 474 1060 bostis
496 1000 684 1061 occurrisset.
723 998 776 1060 Cn.
792 999 892 1079 Scipio
914 1006 1072 1078 postquam
1094 998 1226 1059 mouisse
1249 1016 1285 1058 33
1355 1036 1356 1059 ;

208 1083 341 1145 bibernis
356 1083 470 1145 bostem
487 1084 609 1159 audiuit,
633 1085 730 1164 primo
745 1084 824 1145 idem
839 1082 954 1145 consilii
972 1083 1042 1157 luit;
1061 1082 1169 1143 deinde
1184 1082 1285 1143 minus
1305 1096 1328 1146 1o

209 1177 287 1229 terra
303 1176 427 1249 propter
440 1168 593 1247 ingentem
608 1170 716 1230 lamam
732 1186 880 1230 nouorum
903 1167 1079 1228 auxiliorum
1101 1184 1285 1228 concurram
1350 1185 1355 1226 o

208 1271 311 1328 ausus,
341 1252 455 1314 delecto
483 1254 575 1315 mibte
602 1254 638 1315 ad
667 1271 761 1315 naues
785 1254 916 1333 inposito
944 1252 1076 1332 quinque
1106 1262 1136 1312 et
1162 1251 1286 1331 triginta

170 1339 328 1401 anauium
356 1338 450 1400 classe
477 1338 522 1399 ire
547 1337 666 1399 obuiam
688 1338 767 1400 hosti
789 1338 894 1417 pergit.
939 1338 1031 1397 altero
1053 1336 1089 1396 ab
1113 1336 1287 1398 Tarracone

208 1423 255 1484 die
270 1424 306 1484 ad
321 1424 479 1485 stationem
494 1424 596 1484 decen
610 1423 691 1484 milia
705 1441 845 1504 passuum
863 1422 1020 1484 distantem
1035 1420 1071 1481 ab
1087 1421 1164 1482 ostio
1180 1420 1285 1482 Hiberi

208 1507 304 1569 amnis
326 1507 473 1586 peruenit
516 1508 586 1569 iude
615 1508 691 1570 duae
712 1506 937 1569 Massiliensium
959 1505 1175 1585 speculatoriae
1197 1524 1286 1585 prae·
1308 1520 1330 1569 15

207 1593 314 1654 missae
328 1592 469 1653 rettulere
484 1592 605 1654 classem
620 1592 764 1655 Punicam
778 1600 856 1654 stare
871 1593 902 1653 in
921 1591 997 1653 ostio
1019 1590 1150 1651 iluminis
1172 1598 1288 1652 castra·

171 1696 186 1745 3
209 1695 266 1756 que
284 1677 314 1737 in
330 1676 395 1754 ripa
410 1676 513 1755 posita.
550 1677 649 1756 itaque
671 1684 704 1739 ut
725 1677 901 1756 inprouidos
921 1676 1117 1754 incautosque
1139 1676 1287 1738 uniuerso

208 1761 297 1823 simul
324 1760 419 1822 effuso
446 1769 562 1822 terrore
590 1762 787 1841 opprimeret,
817 1760 939 1823 sublatis
967 1760 1085 1821 ancoris
1107 1761 1143 1821 ad
1165 1761 1285 1823 bostem

208 1845 298 1906 uadit.
341 1845 447 1906 multas
469 1853 499 1906 et
519 1845 592 1907 locis
613 1846 679 1908 altis
701 1846 811 1926 positas
824 1846 915 1908 turris
930 1845 1072 1925 Hispania
1094 1844 1194 1918 babet,
1217 1846 1287 1924 qui-

209 1930 265 1991 bus
293 1938 324 1990 et
348 1929 475 2010 speculis
502 1939 532 1990 et
558 1931 792 2011 propugnaculis
818 1932 961 1993 aduersus
988 1930 1118 1991 latrones
1147 1938 1334 1993 muniunto

172 2026 186 2073 3
207 2013 278 2076 inde
298 2013 395 2094 primo
417 2016 587 2095 conspectis
608 2015 737 2077 hostium
760 2016 887 2078 nauibus
901 2016 1002 2077 datum
1016 2014 1135 2093 siguum
1150 2014 1288 2076 Hasdru-

209 2099 269 2161 bali
290 2107 350 2172 est,
373 2101 576 2179 tumultusque
596 2101 680 2181 prius
701 2102 732 2162 in
756 2109 835 2164 terra
857 2110 887 2162 31
908 2099 1011 2162 3331313
1033 2116 1121 2180 quam
1144 2099 1181 2161 ad
1204 2118 1289 2162 mare

210 2194 240 2246 et
261 2185 296 2246 ad
320 2203 411 2247 naues
433 2194 478 2248 est
500 2195 599 2261 33133,
628 2186 763 2248 nondum
785 2195 835 2248 aut
856 2185 944 2266 pulsu
967 2203 1117 2246 remorum
1140 2187 1289 2266 strepitu·
1354 2212 1357 2221 ·

209 2288 266 2349 que
294 2270 351 2331 alio
380 2271 498 2332 nautico
527 2270 664 2332 exaudito
692 2281 742 2332 aut
764 2269 967 2351 aperientibus
989 2270 1113 2332 classem
1136 2287 1289 2350 promun-

172 2355 309 2429 8133113,
339 2373 406 2416 cum
435 2364 560 2435 repente
590 2372 682 2434 eques
709 2355 783 2418 alius
811 2373 901 2435 super
929 2355 1018 2416 alium
1041 2354 1076 2415 ab
1100 2354 1336 2417 Hasdrubalem
1361 2405 1362 2416 ,

207 2441 315 2502 missus
336 2457 429 2518 uagos
449 2440 480 2500 in
502 2440 590 2501 litore
605 2441 781 2519 quietosque
797 2441 828 2501 in
843 2439 980 2502 tentoriis
993 2439 1065 2512 suis,
1089 2439 1162 2520 nibil
1185 2441 1292 2503 minus
1361 2495 1362 2500 ,

208 2543 297 2604 quam
319 2526 434 2586 bostem
463 2533 515 2585 aut
539 2525 686 2604 proelium
715 2543 751 2586 eo
778 2525 826 2586 die
854 2524 1052 2604 expectanda,
1080 2526 1293 2588 conscendere

209 2628 302 2671 naues
323 2626 452 2688 propere
471 2616 560 2687 atque
574 2627 654 2670 arma
669 2627 775 2690 capere
789 2609 886 2671 iubet:
909 2609 1031 2671 classem
1047 2607 1212 2670 Romanam
1229 2611 1292 2672 iam

170 2695 285 2756 ehaud
308 2694 414 2772 procul
435 2704 524 2772 portu
546 2713 620 2755 esse.
656 2694 731 2755 baec
753 2695 868 2774 equites
889 2694 1000 2756 dimissi
1022 2694 1131 2774 passim
1154 2693 1292 2775 impera·

210 2779 295 2852 bant3
317 2795 386 2837 mor
402 2777 567 2840 Hasdrubal
581 2779 645 2858 ipse
659 2797 728 2840 cum
751 2781 831 2841 omni
855 2778 986 2841 exercitu
1007 2778 1116 2851 aderat,
1140 2781 1294 2860 uarioque
1315 2792 1340 2839 aa

210 2862 310 2923 omnia
337 2863 465 2924 tumultu
491 2871 630 2943 strepunt
655 2863 813 2927 ruentibus
841 2864 871 2924 in
899 2882 991 2926 naues
1012 2863 1101 2926 simul
1122 2864 1295 2944 remigibus

209 2946 410 3025 militibusque
425 2948 602 3027 fugientium
619 2949 744 3029 magiae
759 2959 838 3010 terra
852 2966 941 3027 quarn
956 2949 987 3009 in
1003 2966 1134 3028 pugnam
1149 2949 1295 3011 euntium

158 3043 187 3093 10
208 3032 307 3092 modo.
351 3032 472 3094 uixdum
495 3051 599 3095 omnes
621 3035 874 3107 conscenderant,
902 3051 969 3094 cum
992 3033 1040 3094 alii
1063 3033 1203 3095 resolutis
1226 3036 1295 3096 oris

297 3202 308 3251 1
328 3212 359 3250 33
376 3213 417 3250 333
436 3199 517 3252 133333
534 3199 566 3251 ab
586 3200 715 3252 continuis
735 3198 849 3252 cladibus
866 3202 964 3264 scripsi
980 3199 1039 3251 Em.
1058 3199 1118 3250 113.
1134 3199 1229 3265 13sq.
1260 3203 1296 3254 31)

209 3267 338 3320 continuis
356 3215 472 3320 cladibus
488 3282 519 3318 ac
530 3269 708 3334 reaperaaaeP
732 3267 802 3319 3131)
815 3273 883 3320 cont
896 3265 928 3319 31.
941 3281 1008 3334 resp.
1020 3271 1040 3332 ς
1052 3265 1063 3334 l
1074 3269 1089 3318 1
1102 3265 1237 3346 acciperat
1251 3270 1298 3337 Pl

209 3338 225 3388 6
243 3335 350 3387 31133113
361 3339 417 3386 cort
435 3339 460 3386 33·
471 3336 530 3387 Eam
542 3334 603 3386 Llu.
616 3335 633 3386 1
641 3337 659 3388 4
684 3334 779 3388 adiecit
790 3335 833 3403 Pl
845 3333 975 3386 himilconi
992 3336 1016 3385 P
1040 3334 1171 3386 hamilcari
1189 3334 1297 3388 Lutar-

209 3404 306 3454 baclwr
323 3419 359 3454 33
375 3351 467 3470 1131111.
484 3403 510 3468 3,
522 3403 564 3468 95,
576 3402 594 3454 2
606 3401 643 3471 li
662 3417 742 3455 naues
759 3401 873 3468 Ruperti
898 3403 971 3454 nauis
984 3401 1094 3468 Madvig
1121 3402 1237 3455 nauibus
1251 3405 1297 3472 Pl

209 3479 275 3523 terra
292 3470 340 3537 Pl
357 3473 373 3521 9
391 3471 500 3536 scipioni
518 3471 558 3537 ςΙ
576 3470 702 3523 mouisset
719 3469 761 3537 Pl
776 3474 807 3524 12
825 3470 857 3523 ad
875 3470 898 3520 P
921 3470 948 3523 in
965 3469 1007 3535 ςΙ
1021 3471 1051 3523 13
1070 3471 1224 3522 1133333333
1244 3473 1298 3542 Pl

212 3543 244 3591 14
261 3536 294 3588 ad
311 3542 339 3602 ς,
356 3553 407 3589 om.
424 3540 471 3606 Pl
488 3539 568 3590 millia
586 3539 610 3589 P
625 3538 635 3606 l
651 3538 737 3590 bostio
755 3539 778 3588 P

210 3605 294 3656 bostio
313 3603 354 3670 Pl
368 3605 399 3656 18
417 3605 500 3657 oil'uao
515 3606 631 3672 Walcbl
645 3605 763 3658 anchoris
781 3542 827 3672 i'll
845 3607 875 3658 21
896 3605 992 3670 primos
1010 3605 1052 3673 Pl
1065 3606 1098 3658 22
1116 3605 1148 3658 ad
1167 3621 1243 3660 33333
1263 3624 1299 3660 33

211 3685 290 3723 naues
306 3687 341 3721 eae
358 3687 410 3721 333
427 3671 544 3724 Liuiano
562 3671 718 3740 carpectaal
732 3675 763 3725 23
783 3673 856 3739 equis
871 3673 914 3740 Pl
928 3675 960 3727 23
979 3674 1085 3725 13313313
1097 3673 1138 3741 Pl
1153 3675 1186 3726 28
1204 3689 1299 3744 prope

210 3738 294 3804 adque
311 3738 355 3804 Pl
367 3740 398 3790 31
419 3739 495 3790 simul
511 3741 538 3790 in
556 3740 694 3807 remigibus
712 3741 757 3806 Pl
776 3740 810 3791 32
829 3755 842 3792 3
862 3745 984 3792 terrarum
1003 3756 1079 3807 quam
1097 3741 1123 3792 in
1143 3754 1235 3808 pugna
1257 3746 1300 3806 Ρ,·
1361 3735 1362 3796 1

793 3539 843 3606 116
861 3539 1018 3604 punicam
1043 3538 1068 3589 13
1087 3538 1218 3603 publicam
1242 3541 1295 3606 Pl

1361 3655 1362 3720 1

211 3821 226 3858 3
245 3811 310 3857 13333
329 3805 379 3856 dat.
397 3805 523 3872 Biarcbop
540 3806 637 3859 113333.
655 3809 670 3859 1
690 3806 782 3872 (1852)
800 3807 902 3874 99133
921 3808 1004 3860 omnis
1021 3809 1044 3860 P
1361 3797 1362 3876 1
