2734 4250
195 110 257 169 212
564 107 658 163 LIBER
675 107 794 173 XXVIIII,
814 112 913 163 lb-I'l
1126 136 1148 169 ι,
1162 135 1186 167 u,
1200 135 1223 168 e„
1236 127 1275 168 set

146 296 176 348 14
196 294 230 346 ut
251 284 318 364 plus
339 282 463 343 militum
487 282 602 353 darent,
625 299 713 359 quam
737 280 892 353 baberent,
915 298 1003 360 posse
1025 280 1155 342 ellioere.
1199 300 1274 343 coa-

195 370 275 433 sules
297 367 436 449 opstioati
459 366 570 446 legatos
594 383 714 427 manere
737 366 849 427 Romae
870 364 991 437 iubent,
1020 366 1207 445 magIstratus
1230 367 1276 427 ire

196 455 301 515 domos
315 452 351 513 ad
372 452 497 513 dilectus
519 450 685 513 habendos:
710 450 767 512 nisi
789 468 902 513 summa
923 450 1058 523 militum,
1082 468 1159 529 quae
1180 451 1278 532 impe-

147 551 176 602 15
196 548 258 600 rata
274 548 360 613 esset,
376 537 499 599 Romam
516 535 651 607 adducta,
674 535 824 597 neminem
840 535 877 597 iis
891 544 1028 598 senatum
1042 536 1193 597 daturum.
1238 536 1278 597 ita

197 623 328 703 praecisa
343 642 396 703 spe
412 630 546 684 senatum
562 619 690 683 adeundi
705 620 946 700 deprecandique
960 620 1087 683 dilectus
1100 621 1131 681 iu
1147 620 1185 683 iis
1199 620 1277 682 duo-
1299 634 1314 683 ὅ

198 708 291 770 decim
308 706 444 780 coloniis,
460 724 514 787 per
528 706 649 785 longam
664 706 850 768 uacationem
866 723 993 768 numero
1009 706 1161 767 iuniorum
1176 714 1278 777 aucte,

196 793 275 855 baud
299 791 457 854 difficulter
479 800 524 853 est
545 792 706 870 perlectus.

146 885 184 941 ld
284 877 383 939 Altera
397 878 467 939 item
484 894 541 949 res,
558 894 653 955 prope
668 894 763 955 aeque
778 874 868 955 longe
885 874 1018 936 neclecta
1033 873 1162 947 silentio,
1185 874 1280 937 relata

198 962 268 1024 abl.
283 962 397 1024 Valerio
420 960 551 1023 Laeuino
575 969 628 1031 est,
651 961 703 1040 qui
725 959 848 1041 priuatis
870 958 1003 1022 molatae
1023 959 1167 1039 pecunias
1188 979 1222 1021 se
1243 979 1281 1023 ac

162 1059 177 1110 2
198 1048 237 1109 Μ.
253 1046 374 1110 Claudio
404 1045 578 1108 consulibus
601 1045 683 1107 reddi
707 1045 826 1107 tandem
848 1062 977 1124 aequum
1007 1063 1073 1107 esse
1099 1044 1191 1117 dixit;
1222 1064 1282 1107 uec
1303 1056 1332 1107 to

197 1133 298 1194 mirari
321 1150 497 1213 quemquam
520 1130 629 1192 debere
650 1130 682 1191 iu
706 1129 824 1210 publica
846 1129 974 1209 obIIgata
995 1128 1053 1189 ilde
1081 1147 1166 1192 suam
1192 1149 1280 1210 prae-

198 1212 1281 1381 attentiontlt„lflnt'ttttutffluttlrlul‚tur

200 1398 299 1463 neret,
329 1388 418 1450 ctiam
440 1405 472 1449 ee
494 1393 645 1447 auctorem
669 1384 709 1445 ita
730 1383 906 1447 conterendi
933 1384 1025 1446 luisse
1052 1384 1136 1465 inopi
1164 1386 1280 1447 aerario

163 1483 178 1533 a
200 1490 257 1534 nec
273 1471 360 1554 plebe
375 1472 410 1533 ad
425 1470 570 1533 tributum
586 1469 762 1531 sufficiente.
806 1479 890 1547 grata
904 1486 938 1531 ea
959 1468 1095 1549 patribus
1115 1470 1282 1533 admonitio
1304 1478 1331 1531 ts

199 1558 271 1631 fuit,
294 1558 439 1635 iussisque
462 1556 575 1617 referre
596 1554 770 1616 consulibus
792 1554 1008 1628 decreuerunt,
1031 1554 1183 1617 attribue
1203 1575 1282 1636 pen-

200 1640 336 1704 sionibus
351 1660 385 1703 ea
401 1640 527 1721 pecunia
542 1641 727 1713 solueretur;
750 1640 876 1719 primam
890 1648 1081 1720 praesentem
1096 1640 1126 1715 ii,
1148 1642 1281 1720 quitum

200 1737 310 1798 essent,
332 1726 405 1787 duas
426 1725 505 1787 tertii
528 1732 558 1787 et
580 1724 677 1805 quinti
699 1724 839 1787 consules
861 1734 1064 1786 numerarent

162 1825 178 1873 t
286 1810 392 1872 Omnis
414 1810 521 1872 deinde
543 1809 613 1871 alias
635 1828 722 1871 curas
749 1828 809 1871 una
838 1809 1013 1889 occupauit,
1041 1819 1199 1889 postquam
1222 1809 1283 1871 Lo

201 1896 350 1957 crensium
374 1895 481 1968 clades,
505 1913 581 1974 quae
603 1895 758 1974 Ignoratac
779 1894 815 1956 ad
838 1912 903 1955 eam
925 1894 1003 1955 diem
1018 1894 1147 1966 inerant,
1169 1894 1285 1974 legato·
1306 1904 1334 1955 a)

165 1994 268 2043 trum
291 1981 421 2043 aduentu
452 1980 588 2061 uolgatae
617 1988 697 2042 suut.
741 1997 798 2041 nec
825 1988 885 2040 tam
914 1978 1041 2040 Plemini
1066 1978 1164 2040 scelus
1191 1998 1283 2058 quam

202 2066 352 2147 Sprioois
373 2066 405 2129 io
429 2084 465 2128 eo
488 2073 540 2128 aut
560 2063 682 2127 ambitio
704 2074 756 2127 aut
777 2064 963 2146 neclegentia
984 2064 1044 2127 iras
1062 2064 1219 2127 bominum
1235 2066 1283 2128 in·

165 2152 310 2215 eritamt.
355 2151 457 2215 decem
480 2150 567 2231 legati
585 2149 790 2222 Locrensium,
812 2149 900 2230 opsiti
922 2149 1061 2229 squalore
1082 2159 1113 2211 et
1132 2150 1283 2223 sordibus,

201 2239 231 2300 in
255 2237 376 2300 comitio
398 2236 571 2299 sedentibus
592 2235 767 2298 consulibus
788 2234 955 2296 uelamenta
977 2235 1160 2316 suppIIcum,
1183 2254 1285 2298 ramos

203 2323 294 2398 oleae,
316 2331 350 2385 ut
365 2321 485 2383 Graecis
507 2339 572 2382 mos
589 2329 643 2393 cst,
665 2327 837 2400 porgentes,
858 2330 928 2381 aute
947 2319 1081 2383 tribunal
1100 2337 1168 2381 cum
1192 2319 1285 2382 debili
1305 2330 1335 2382 tt

166 2422 181 2471 t
201 2409 414 2470 uociferatione
428 2406 509 2467 humi
530 2405 769 2486 procubuerunt.
805 2404 1017 2483 quaerentibus
1035 2404 1210 2468 consulibus
1223 2405 1284 2468 Lo·

203 2493 316 2555 crensis
338 2512 370 2554 se
392 2493 532 2553 dixerunt
552 2507 631 2566 esse,
653 2507 688 2551 ca
709 2509 813 2570 passos
833 2507 850 2550 a
872 2489 908 2561 Q.
931 2489 1075 2552 Pleminio
1103 2490 1200 2569 legato
1222 2490 1284 2553 llo-

201 2578 357 2658 manisque
379 2576 532 2649 militibus,
554 2593 630 2654 quae
652 2575 714 2656 pati
741 2593 780 2636 ue
795 2574 1049 2653 Carthaginiensis
1065 2575 1187 2655 quidem
1209 2576 1284 2638 uelit

205 2663 333 2742 populus
354 2661 523 2738 Romanum
545 2677 649 2733 orare,
671 2659 715 2721 uti
737 2659 794 2722 sibi
817 2668 917 2740 patres
939 2658 1068 2722 adeundi
1089 2659 1284 2740 deplorandi-

203 2766 262 2826 que
283 2764 441 2809 aerumnas
462 2764 530 2808 suas
553 2753 728 2826 potestatem
751 2746 894 2806 iacerent,
1306 2756 1340 2808 ω

155 2838 188 2892 lt
290 2833 401 2893 Senatu
430 2831 498 2892 dato
525 2830 670 2893 maximus
698 2838 769 2891 natu
798 2848 834 2891 ex
856 2828 907 2891 ils:
934 2821 1033 2899 ‘Sein,
1062 2831 1167 2909 quanti
1194 2831 1284 2893 aesti-

204 2924 324 2977 mentur
346 2922 466 2977 nostrae
488 2916 566 2996 apud
588 2933 644 2977 uos
666 2914 831 2994 querellae,
859 2923 960 2994 patres
981 2914 1161 2994 conscripti,
1188 2915 1284 2997 pluri·

204 3018 285 3062 mum
308 3001 338 3063 io
363 3019 400 3062 ec
414 3001 557 3063 momenti
572 3019 647 3074 esse,
669 2999 695 3062 si
709 2999 805 3079 probe
819 2998 928 3074 sciatis,
950 3007 981 3061 et
994 3016 1055 3079 quo
1070 2999 1159 3062 modo
1173 3001 1285 3081 proditi

274 3170 286 3220 l
308 3167 428 3220 consules
444 3184 496 3220 om.
514 3167 554 3219 2¹
569 3167 609 3235 I²
632 3167 816 3234 magistratum
840 3165 888 3234 ΡΙ
906 3169 922 3221 3
944 3165 1036 3220 domos
1052 3165 1094 3217 2²
1115 3164 1220 3220 domun
1238 3169 1289 3235 ΡΙ

206 3242 221 3292 5
239 3234 461 3306 depraeeaudlque
478 3234 519 3305 ΡΙ
534 3238 550 3288 e
566 3237 731 3302 negationem
748 3234 899 3354 ffllqancto
916 3236 1085 3288 Pandarum
1097 3233 1137 3284 2¹
1170 3236 1286 3304 eaeque

203 3305 273 3373 lelqe
284 3306 355 3372 Ρ119
373 3319 402 3358 se
420 3319 450 3357 ac
464 3305 489 3356 P
502 3319 516 3356 a
530 3304 590 3371 ΣῚ
605 3307 636 3358 1⁰
655 3302 762 3356 consule
831 3301 956 3372 [taudem
973 3303 999 3354 Ρ
1011 3306 1097 3354 tamen
1164 3300 1287 3370 'quum

204 3373 244 3425 2⁸
261 3387 430 3441 aemoeqnum
449 3371 491 3440 ΡΙ
505 3374 537 3425 12
555 3372 673 3452 propriae
691 3370 733 3439 ΡΙ
747 3374 780 3426 u
796 3371 833 3423 ita
851 3385 903 3423 oar.
919 3368 980 3437 ΣἸ
993 3371 1064 3437 Inopi
1082 3369 1181 3451 aerario
1192 3371 1231 3422 ΣΙ
1248 3373 1287 3425 ἰιι-

205 3439 732 3577 alleba''ittldtblil¹?
750 3437 1044 3560 abutatur
1060 3437 1288 3575 illeitffibl

205 3577 239 3628 22
262 3577 382 3628 inultanit
400 3576 447 3645 ΡΙ
466 3524 501 3630 II
523 3590 572 3644 sup
591 3575 668 3628 licum
686 3521 969 3642 fflqnppttciuuq’t
987 3575 1021 3628 2⁶
1041 3573 1122 3627 llenili
1139 3576 1165 3627 Ρ
1196 3578 1230 3631 20
1248 3577 1287 3629 lo-

205 3643 303 3696 crensis
320 3643 361 3694 >³¹
377 3644 508 3698 locrenses
525 3661 560 3695 ec
573 3590 691 3696 Iocrcses
707 3644 740 3694 ΡΙ
753 3643 807 3709 127
825 3657 918 3712 pasees
934 3643 1024 3711 aql’
1055 3657 1112 3696 assa
1125 3643 1165 3693 Σ
1198 3645 1286 3714 plenia

205 3710 293 3777 ΡΙ28
312 3725 362 3778 que
380 3712 420 3762 ΣΡ
437 3729 462 3780 q.
479 3711 655 3780 quueldem
672 3709 761 3780 ΡΙ29
778 3726 851 3764 orare
869 3711 906 3762 2¹
986 3725 1013 3764 re
1030 3659 1123 3779 Ilutl
1140 3713 1210 3767 Pnt
1227 3712 1287 3780 ΣῚ

207 3777 425 3845 deploranquuae
443 3780 484 3847 Pl
498 3781 531 3833 ³⁰
549 3779 644 3832 laceret
662 3781 770 3846 ΣΡ132
787 3780 934 3848 quaerellae
