2734 4250
91 175 112 207 s.
123 163 224 208 essars
511 145 605 199 llllssll
621 145 717 212 llllllll,
734 151 768 202 49
1114 145 1175 205 239

93 321 174 382 milia
196 337 233 381 eo
248 318 363 398 proelio
385 319 539 381 hominum
559 337 643 380 eaesa
665 319 816 381 dicuntur.
853 319 971 399 Syphax
991 338 1059 382 cum
1075 321 1176 399 paucis
1197 330 1212 379 5

94 403 246 485 equitibus
261 404 291 464 in
308 403 473 466 Maurusios
489 422 524 465 ex
539 404 601 466 acie
617 403 815 466 Numidas-
831 405 954 465 extremi
970 423 1064 485 prope
1082 405 1175 468 Ocea·

95 509 169 552 num
198 489 341 551 aduersus
369 488 456 551 Gadis
488 490 592 551 uolunt
619 523 660 534 -
689 489 814 568 refugit,
848 490 1106 569 adfluentibusque
1140 490 1174 551 ad

93 576 201 636 lamam
231 575 294 636 eius
323 575 454 653 undique
483 573 615 636 barbaris
643 575 775 654 ingentis
802 573 888 636 breui
919 577 1020 655 copias
1041 576 1175 648 armauit,

54 671 69 721 ὅ
92 679 161 722 oum
185 657 294 738 quibus
316 659 347 720 in
370 659 541 738 Hispaniam
569 669 696 740 angusto
725 660 899 739 diremptam
927 660 1004 721 freto
1026 660 1174 722 traiceret.
1196 671 1211 720 s

94 753 229 807 ceterum
252 743 405 806 Masinissa
427 762 494 805 oum
510 744 625 806 uiotore
643 745 775 806 exercitu
798 745 927 817 aduenit,
949 745 1033 824 isque
1048 745 1089 806 ibi
1107 763 1175 806 cum

95 830 231 910 Syphace
253 829 367 908 ingenti
389 829 481 908 gloria
503 847 558 909 per
576 848 608 892 se
629 829 695 892 sine
711 829 778 891 ullis
800 829 1086 909 Carthaginiensium
1110 829 1175 911 opi·

95 915 151 976 bus
173 912 265 993 gessit
286 913 406 975 bellum.

182 999 216 1060 ln
240 997 381 1078 Hispania
404 997 478 1060 nihil
501 997 692 1060 memorabile
714 1007 841 1078 gestum,
864 999 1173 1079 praeterquamquod
1196 1012 1210 1059 t

41 1095 72 1146 tu
94 1083 275 1146 Celtiberum
298 1083 484 1146 iuuentutem
501 1083 603 1144 eadem
625 1084 771 1159 mercede,
796 1102 854 1162 qua
869 1091 954 1163 paota
968 1102 1037 1146 oum
1053 1084 1172 1146 Cartha·

95 1167 298 1315 edullo
311 1169 761 1333 lttddtlll‘tltltl
774 1168 1210 1315 ttlrtt÷2t¹ll¹23lttttf⁸

95 1340 149 1400 dos
172 1338 347 1418 populares,
377 1339 428 1417 qui
457 1339 535 1401 inter
557 1339 662 1400 auxilia
684 1337 860 1400 Hannibalis
888 1347 988 1411 erant,
1018 1338 1173 1400 miserunt.

97 1420 139 1508 [id
159 1425 248 1484 modo
263 1423 327 1485 eius
341 1423 412 1484 anni
427 1423 458 1484 in
475 1423 616 1503 Hispania
638 1424 673 1485 ad
691 1423 862 1485 memoriam
885 1423 1003 1503 insigne
1025 1423 1173 1503 estquod

44 1521 73 1572 td
93 1508 335 1572 mercennarium
352 1507 473 1570 militem
489 1509 521 1570 in
535 1508 638 1570 eastris
653 1508 803 1570 neminem
819 1517 889 1570 ante
903 1527 992 1588 quam
1006 1515 1070 1569 tum
1085 1507 1174 1570 Celti·

95 1595 186 1656 beros
206 1593 331 1654 Romani
353 1589 544 1676 babuerunt]

95 1762 200 1814 iunetiis
216 1762 249 1814 P¹
276 1759 404 1814 coniuncti
423 1760 457 1813 P¹
478 1761 488 1826 l
509 1765 524 1815 5
542 1775 599 1813 oum
619 1765 638 1825 ς
653 1735 720 1812 ¹runt
738 1761 771 1812 P¹
797 1766 880 1812 utrum
899 1760 934 1813 P¹
952 1761 962 1828 l
978 1760 1110 1813 diremtum
1128 1760 1174 1825 Pll

95 1834 111 1884 6
123 1836 239 1883 ceterum
252 1829 315 1882 odd.
327 1833 437 1894 eonioor',
456 1845 505 1881 out.
518 1831 542 1881 P
565 1828 610 1881 sed
622 1828 683 1880 odd.
698 1828 729 1879 ll.
741 1828 765 1880 J.
779 1827 891 1880 lluollor
917 1845 949 1882 eo
967 1828 1013 1880 aul
1024 1833 1050 1880 et
1062 1827 1174 1893 Madvig

96 1897 198 1950 interim
218 1897 362 1951 Weissenb.
391 1897 488 1950 interea
507 1897 595 1949 Maur.
616 1896 729 1947 Mueller
741 1894 780 1961 19
798 1896 867 1963 quod
885 1898 1036 1949 celtiberum
1055 1902 1074 1962 ς
1100 1895 1172 1949 celti-

96 1967 183 2019 berum
221 1964 272 2018 uod
285 1963 329 2032 Pl
344 1968 374 2017 to
385 1965 519 2017 iuuentute
531 1965 573 2028 Pl
586 1963 653 2016 lueto
667 1963 708 2032 Pl
723 1967 754 2017 12
766 1964 927 2018 nobilissimo
939 1965 982 2032 Pl
994 1967 1040 2015 δεῖ
1052 1963 1095 2031 Pl
1107 1962 1140 2016 nd
1154 1971 1174 2029 ς

95 2034 149 2088 adit
165 1981 219 2155 dij
237 2035 267 2087 1³
287 2034 331 2100 qni
349 2036 377 2098 ς,
395 2049 446 2084 om.
463 2032 505 2100 Pl
519 2037 552 2086 ll
569 2032 594 2084 ld
613 2032 691 2084 modo
708 2059 742 2071 ·-
760 2032 904 2084 babuerunt
921 2033 972 2087 del.
985 2035 1011 2085 P.
1026 2032 1113 2100 Geyer
1130 2048 1173 2096 ap.

96 2104 163 2157 HJ.
204 2103 292 2156 atellei¹
308 2102 349 2157 ed.
370 2101 467 2155 Tenba.
479 2100 490 2169 l
502 2101 558 2155 eius
577 2107 598 2167 ς
624 2101 673 2154 eris
692 2100 734 2168 Pl
747 2100 1010 2169 recognobilabellini
1027 2103 1128 2153 mdrer.
1140 2099 1174 2153 P’

181 2172 221 2224 titt
240 2171 297 2225 libii
315 2170 362 2223 lib·
376 2170 463 2239 lumi
481 2171 587 2237 explicit
598 2171 601 2240 l
613 2170 704 2237 incipit
721 2170 757 2223 lib
775 2186 825 2221 xxv
843 2170 867 2221 P
