2734 4250
134 138 156 171 1.
166 126 218 170 car.
227 127 267 168 111
527 108 623 161 LlBllR
639 107 718 174 111111,
737 112 778 163 30.
792 115 821 164 at
1152 113 1213 171 279

134 283 232 346 multu
254 281 402 343 actuariae
425 299 517 343 naues
538 281 701 343 instructae
718 282 774 343 ianr
798 294 867 344 ante
890 284 1163 365 circumuectaeque
1179 286 1214 347 ad

134 370 262 431 Nassum
291 375 419 428 armatos
449 377 619 447 exponunt,
648 368 701 446 qui
730 368 885 447 inprouiso
914 369 1008 431 adorti
1036 370 1215 450 semiplenas

133 454 280 516 stationes
295 462 326 513 et
338 453 490 533 adapertas
507 454 587 514 iores
608 463 722 533 portae,
745 471 804 531 qua
826 454 914 532 paulo
931 464 999 516 ante
1022 465 1215 518 excurrerant

135 538 251 611 armati.
274 538 352 600 haud
371 540 479 616 niagno
501 538 662 599 certamine
677 538 802 600 Nassum
826 557 933 619 cepere
955 538 1100 601 desertam
1122 542 1215 621 trepi-

94 624 258 687 5datione
281 634 312 684 et
333 624 402 702 luga
424 623 589 684 custodum.
629 642 728 702 neque
750 624 780 685 in
804 624 871 685 ullis
892 626 992 687 minus
1014 627 1151 705 praesidii
1166 636 1216 688 aut
1238 635 1266 687 11

136 709 318 790 pertinaciae
333 708 369 769 ad
387 709 569 769 manendum
591 726 679 787 quarn
698 709 728 769 in
745 709 908 787 transfugis
929 710 994 783 tuit,
1016 711 1085 789 quia
1101 730 1140 772 ne
1155 712 1215 774 suis

135 794 257 874 quidem
272 793 344 855 satis
358 792 515 854 credentes
525 811 542 853 a
554 792 651 854 medio
666 794 827 855 certamine
843 795 1020 873 effugerunt.
1051 796 1215 873 Marcellus,
1239 807 1267 857 12

136 890 170 941 ut
183 888 302 959 captam
317 897 381 939 esse
396 878 521 940 Nassum
544 879 690 957 comperit
704 889 733 940 et
748 880 931 941 Achradinae
949 880 1100 960 regionem
1123 901 1214 943 unam

135 965 233 1026 teneri
255 963 479 1042 Moericumque
506 982 574 1025 cunr
603 964 749 1044 praesidio
778 964 839 1025 suis
865 966 1053 1040 adiunctum,
1082 967 1214 1047 receptui

78 1060 113 1111 11
133 1049 260 1124 cecinit,
284 1068 321 1110 ne
344 1048 442 1128 regiae
471 1067 558 1128 opes,
588 1067 713 1128 quarum
735 1050 809 1109 fama
839 1050 932 1110 maior
961 1069 1048 1129 quarn
1072 1061 1214 1129 reserat,

133 1134 349 1214 diriperentur.

222 1219 391 1299 Suppresso
413 1218 525 1298 impetu
547 1218 683 1291 militum,
708 1218 800 1292 utils,
823 1219 874 1297 qui
889 1219 919 1280 in
935 1219 1101 1281 Achradina
1119 1230 1213 1295 erant,
1230 1226 1266 1281 81

135 1305 300 1383 transfugis
321 1305 448 1383 spatium
464 1304 605 1383 locusque
624 1305 711 1383 lugae
726 1304 811 1366 datus
826 1313 880 1378 est,
903 1305 1080 1385 Syracusani
1097 1307 1215 1367 tandem
1237 1316 1252 1365 t

135 1389 221 1451 liberi
250 1397 333 1451 metu
361 1390 455 1468 portis
477 1388 660 1451 Achradinae
689 1389 799 1468 apertis
827 1397 961 1451 oratores
984 1392 1020 1451 ad
1043 1390 1214 1452 Marcellum

78 1485 112 1535 15
134 1476 262 1536 mittunt
282 1474 357 1535 nihil
377 1474 508 1554 petentis
528 1473 605 1535 aliud
626 1493 714 1552 quam
737 1474 969 1536 incolumitatem
985 1474 1040 1536 sibi
1055 1476 1215 1556 liberisque

134 1560 207 1622 suis.
245 1558 401 1621 Marcellus
417 1558 542 1621 cousiho
556 1559 700 1620 aduocato
715 1568 745 1619 et
759 1558 896 1620 adhibitis
911 1560 998 1621 etiam
1014 1561 1214 1640 Syracusanis,
1236 1570 1250 1620 a

135 1646 189 1726 qni
210 1663 267 1726 per
287 1643 449 1707 seditiones
470 1644 549 1724 pulsi
570 1643 607 1705 ah
626 1645 715 1705 domo
738 1644 815 1705 intra
837 1644 981 1725 praesidia
996 1645 1128 1707 Romana
1150 1648 1214 1708 luc·

135 1740 221 1804 rant,
251 1730 406 1810 respondit
428 1748 489 1790 nou
513 1729 599 1809 plura
621 1747 676 1809 per
698 1748 793 1791 annos
824 1730 1039 1809 quinquaginta
1061 1729 1215 1793 benefacta
1236 1741 1252 1791 4

135 1814 280 1877 Hieronis
300 1833 388 1893 quam
411 1813 513 1894 paucis
528 1814 573 1876 his
588 1815 675 1876 annis
695 1815 836 1876 maleficia
853 1832 966 1888 eorum,
989 1816 1040 1895 qui
1056 1816 1215 1895 Syracusas

76 1911 113 1962 2⁰
134 1900 300 1975 tenuerint,
323 1917 392 1978 erga
407 1899 552 1979 populum
566 1898 734 1961 Romanum
757 1918 829 1961 esse.
866 1900 918 1961 sed
937 1900 1079 1997 pleraque
1102 1919 1214 1977 eorum,

135 2004 197 2065 quo
220 1944 387 2059 debrierint,
409 1984 582 2057 reccidisse,
604 1984 818 2063 foederumque
841 1993 999 2064 ruptorum
1022 1986 1103 2065 ipses
1125 1987 1160 2047 ab
1184 2004 1215 2048 se

133 2070 290 2169 grauiores
311 2069 415 2144 multo,
437 2087 525 2150 quam
548 2070 678 2150 populus
699 2069 852 2132 Romanus
873 2069 1011 2145 uoluerit,
1037 2089 1150 2150 poenas
1165 2091 1215 2134 ex-

135 2157 240 2237 egisse.
278 2175 311 2216 se
326 2156 444 2234 quidem
459 2156 578 2217 tertium
596 2174 714 2217 annum
731 2156 948 2217 circumsedere
964 2157 1131 2235 Syracusas,
1155 2177 1216 2218 non
1238 2168 1253 2216 c

135 2251 171 2303 nt
190 2241 322 2321 populus
343 2241 495 2302 Romanus
516 2259 632 2302 seruam
655 2240 805 2303 ciuitatem
828 2239 959 2315 haberet,
983 2240 1034 2302 sed
1058 2259 1096 2302 ne
1118 2251 1215 2304 trans·

77 2337 113 2388 25
134 2328 274 2406 fugarum
297 2325 632 2404 mercennariorumque
655 2325 745 2387 duces
760 2335 876 2406 captam
892 2334 921 2386 et
936 2344 1107 2406 oppressam
1130 2334 1215 2388 tene·

135 2421 213 2473 rent.
260 2411 329 2491 qnid
353 2411 507 2491 potuerint
520 2411 697 2490 Syracusani
719 2412 825 2484 facere,
849 2411 983 2490 exemplo
1006 2411 1055 2471 uel
1078 2430 1129 2472 eos
1152 2430 1216 2473 esse
1238 2423 1253 2472 1

136 2497 409 2576 Syracusanorum,
439 2495 491 2574 qui
512 2495 591 2557 intra
616 2495 916 2576 praesidiallomana
939 2495 1063 2570 luerint,
1092 2496 1141 2556 uel
1164 2496 1215 2557 lli·

135 2599 265 2661 spanum
286 2581 392 2642 ducem
411 2580 583 2656 Moericum,
606 2582 655 2661 qui
678 2580 857 2661 praesidium
881 2580 1041 2656 tradiderit,
1064 2581 1114 2642 uel
1135 2582 1215 2661 ipso-

135 2684 203 2727 rum
225 2666 482 2746 Syracusanorum
510 2676 660 2746 postremo
681 2685 783 2730 sarum
806 2665 941 2744 quidem,
970 2666 1021 2727 sed
1043 2667 1120 2728 forte
1142 2686 1216 2728 con·

77 2762 114 2812 ao
134 2750 243 2812 silium.
287 2751 343 2813 sihi
372 2751 505 2812 omnium
535 2751 671 2813 lahorum
700 2751 962 2831 periculorumque
991 2751 1070 2812 circa
1098 2752 1253 2813 moeniat

136 2836 324 2916 Syracusana
352 2843 430 2897 terra
459 2836 592 2915 marique
619 2847 679 2897 tam
708 2836 757 2897 diu
788 2837 997 2898 exhaustorum
1028 2855 1216 2916 nequaquam

136 2929 253 2982 tantum
275 2921 406 2983 lructum
428 2940 504 2995 esse,
533 2919 611 3000 quod
636 2939 743 3001 capere
766 2922 927 3001 Syracusas
949 2921 1102 3002 potuisset.
1148 2922 1216 2984 inde
1239 2931 1254 2982 8

226 3109 237 3157 1
258 3103 309 3155 iam
326 3109 387 3156 ante
405 3102 615 3155 circumnectae'
608 3117 659 3154 ram
677 3109 738 3154 ante
755 3104 968 3172 circumuectaeq.
987 3104 1061 3171 Pyla
1081 3111 1107 3155 et
1126 3105 1217 3171 lugeg

136 3170 456 3238 effugaPllinullisg
486 3171 687 3238 ullisPldq
689 3171 771 3222 uinP
799 3173 1218 3242 quigll‘lerae.earsePyl

137 3240 293 3305 Scomperit
306 3239 366 3291 add.
382 3239 525 3292 Weieaead.
551 3188 839 3305 (uiditgAlaehefrln'),
853 3255 902 3291 om
915 3239 963 3356 P
971 3243 1055 3292 ecum
1069 3239 1215 3303 §Froben

137 3309 212 3372 1531,
231 3323 283 3360 ona.
302 3308 348 3372 ΡΙ
369 3307 689 3374 ΙΟιιιοοὶιιὶιΡΙΙιιες,
707 3323 757 3359 am.
775 3307 824 3373 ΡΙΙ
845 3241 963 3360 ttutti’
986 3311 1013 3358 et
1030 3305 1192 3373 §fleratP

138 3378 171 3429 13
188 3381 269 3438 ests
304 3380 344 3426 est
360 3379 388 3427 et
404 3375 455 3443 Py
479 3378 511 3427 ll
528 3374 664 3427 achradine
683 3377 707 3426 P
726 3374 735 3441 ΙΙ
758 3378 789 3428 15
809 3374 936 3441 petenteis
955 3374 986 3426 P¹
1021 3377 1139 3441 petentes
1157 3373 1191 3426 P’

139 3446 171 3498 19
188 3457 288 3510 pancos
299 3445 341 3508 Pl
354 3442 474 3495 malificia
488 3442 527 3510 Pl
542 3444 575 3495 nt
590 3457 710 3495 romanus
723 3457 823 3494 semem
837 3446 856 3508 ς
881 3447 1037 3494 reseruatam
1050 3443 1074 3492 P
1096 3457 1216 3494 romanus

137 3526 238 3564 oemem
257 3525 314 3563 eam
332 3511 440 3561 Harant
454 3510 465 3578 l
478 3512 511 3563 25
528 3510 811 3578 mercennariorumque
831 3511 944 3562 Gerlach
973 3525 1023 3578 que
1041 3511 1082 3576 1³¹,
1100 3511 1149 3563 del.
1168 3512 1217 3575 1²²,-

136 3579 339 3646 alienigenamm
357 3579 597 3646 tmnslugammqne
615 3575 767 3638 Alschefski
800 3578 988 3646 transfugarum
1006 3578 1217 3647 alienigenarum·

156 3663 188 3700 ne
205 3648 289 3699 Hertz
310 3645 321 3715 l
343 3649 376 3699 26
394 3646 524 3713 extemplo
542 3647 567 3696 P
585 3645 595 3714 ΙΙ
615 3647 648 3698 32
666 3649 738 3698 tantu
757 3647 781 3696 P
813 3647 877 3698 tanti
896 3661 953 3698 eum
971 3647 1078 3698 Harant
1112 3648 1217 3713 dignum

137 3663 268 3781 iricio}
283 3729 361 3851 quem
379 3715 401 3766 si
421 3728 524 3782 parcere
543 3713 673 3794 syracusis
691 3715 819 3779 potuisset
838 3718 906 3766 caui
927 3715 1009 3768 Gran.
1039 3715 1107 3782 quod
1126 3731 1217 3782 capere

137 3798 276 3850 syracusas
308 3782 429 3850 potnerit,
447 3787 579 3849 quantum,
597 3782 618 3833 si
637 3779 756 3848 seruare>
774 3783 901 3847 potuisset
917 3782 1028 3847 Madvig
