2734 4250
207 137 247 195 tt
598 133 692 186 unun
709 133 774 201 xxr,
793 136 833 187 to.
847 136 879 187 u
1151 161 1173 192 a.
1185 150 1282 193 tana

169 321 183 371 t
206 318 304 370 cetera
319 307 489 370 recentibus
511 307 598 368 etiam
613 305 733 368 territos
755 305 912 384 prodigiis3
936 323 1005 366 nam
1028 313 1057 365 et
1080 305 1170 384 lupus
1191 304 1282 365 intra-

205 401 289 455 uerat
311 402 405 454 castra
421 391 595 470 laniatisque
611 390 709 452 obuiis
723 390 786 470 ipse
801 391 931 451 intactus
949 399 1093 464 euaserat,
1116 398 1145 450 et
1160 408 1282 450 examen

168 489 182 538 t
205 497 294 558 apum
318 477 348 538 in
372 477 478 539 arbore
500 477 648 557 praetorio
670 475 844 535 imminente
863 475 1045 536 consederat
1083 473 1193 553 quibus
1215 493 1283 554 pro·

206 563 316 625 curatis
331 562 429 642 Scipio
452 580 520 622 cum
543 562 673 640 equitatu
691 560 959 639 iaculatoribusque
976 559 1118 639 expeditis
1132 561 1285 638 profectus

205 648 240 708 ad
264 657 359 708 castra
381 646 508 708 bostium
534 666 568 708 ex
591 645 762 726 propinquo
785 646 960 724 copiasque,
991 655 1118 723 quantae
1148 654 1178 706 et
1201 645 1315 705 cuiust

206 733 324 812 generis
346 741 462 805 essent,
489 730 692 810 speculandas,
719 728 827 790 obuius
849 731 881 790 lit
902 728 1062 790 Hannibali
1084 738 1115 789 et
1136 729 1193 808 ipsi
1217 746 1284 790 cum

168 827 183 876 4
206 816 354 896 equitibus
380 817 416 877 ad
445 815 624 896 exploranda
652 815 730 876 circa
744 814 816 875 ‘loca
843 832 1012 893 progresso.
1055 814 1154 874 neutri
1176 814 1285 875 alteros

206 902 303 981 primo
319 900 499 972 cernebant;
522 901 641 962 densior
655 899 762 960 deinde
777 899 894 960 incessu
910 907 955 959 tot
974 898 1129 959 hominum
1144 906 1176 960 et
1189 916 1285 978 equo·

205 1003 273 1046 rum
296 986 396 1046 oriens
418 985 517 1064 puluis
538 985 656 1064 signum
671 984 939 1063 propinquantium
955 984 1082 1044 bostium
1106 984 1172 1045 luit.
1210 1002 1286 1044 con·

168 1079 183 1130 5
205 1071 281 1132 sistit
295 1079 455 1150 utrumque
469 1087 586 1147 agmen,
609 1077 639 1130 et
653 1069 690 1129 ad
705 1068 851 1148 proelium
864 1087 930 1130 sese
945 1067 1150 1147 expediebant.
1185 1069 1285 1148 Scipio
1305 1077 1326 1126 lt

207 1154 382 1216 iaculatores
398 1164 426 1216 et
442 1155 539 1216 Gallos
554 1154 668 1232 equites
684 1154 714 1214 in
731 1154 830 1214 lronte
845 1152 931 1228 locat,
953 1152 1105 1215 Romanos
1119 1154 1287 1215 sociorum-

208 1259 265 1319 quc
288 1240 366 1319 quod
389 1240 506 1301 roboris
528 1239 592 1313 luit,
615 1239 644 1299 in
669 1237 823 1312 subsidiis;
847 1237 994 1299 Hannibal
1015 1239 1148 1299 frenatos
1170 1239 1287 1317 equites

168 1335 184 1384 t
206 1325 237 1386 in
260 1325 389 1387 medium
411 1325 532 1404 accipit,
561 1341 674 1384 cornua
697 1321 831 1384 Numidis
859 1324 965 1383 firmat.
1008 1323 1130 1384 uixdum
1156 1323 1286 1385 clamore

206 1409 321 1471 sublato
338 1410 512 1471 iaculatores
528 1411 669 1488 lugerunt
689 1408 767 1468 inter
789 1406 918 1469 subsidia
940 1408 976 1468 ad
998 1409 1159 1469 secundam
1181 1409 1286 1468 aciem.

208 1494 277 1556 inde
293 1495 426 1573 equitum
442 1505 592 1555 certamen
609 1501 673 1553 erat
688 1492 866 1570 aliquamdiu
881 1509 1009 1571 anceps3
1032 1492 1111 1565 dein,
1133 1494 1204 1572 quia
1219 1503 1284 1553 tur·
1304 1501 1327 1551 15

207 1579 318 1640 babant
345 1597 438 1657 equos
467 1578 580 1657 pedites
609 1577 786 1651 intermixti,
816 1577 916 1639 multis
944 1576 1112 1640 labentibus
1140 1597 1176 1639 ex
1199 1579 1286 1657 equis

206 1674 259 1726 aut
280 1663 494 1735 desilientibus,
516 1661 567 1723 ubi
590 1681 660 1724 suos
682 1662 778 1741 premi
798 1662 1020 1724 circumuentos
1042 1663 1203 1736 uidissent,
1226 1664 1285 1724 iam

171 1760 184 1808 t
206 1766 313 1827 magna
335 1765 370 1808 ex
392 1757 475 1827 parte
497 1748 533 1808 ad
556 1747 645 1827 pedes
666 1764 767 1828 pugna
789 1755 923 1821 uenerat,
945 1746 1043 1808 donec
1056 1747 1211 1821 Numidae,
1234 1749 1285 1827 qui

207 1833 238 1893 in
254 1831 396 1894 cornibus
411 1839 506 1906 erant,
528 1831 720 1894 circumuecti
736 1832 855 1912 paulum
871 1831 908 1892 ab
923 1840 1009 1911 tergo
1030 1850 1063 1893 se
1078 1832 1285 1893 ostenderunt.

207 1917 232 1979 is
254 1935 349 1998 pauor
371 1917 498 1996 perculit
513 1917 673 1990 Romanos,
696 1917 836 1995 auxitque
856 1935 997 1995 pauorem
1020 1917 1153 1979 consulis
1174 1917 1288 1979 uulnus
1306 1925 1332 1975 n

207 2002 432 2082 periculumque
454 2003 621 2063 intercursu
645 2010 708 2062 tum
731 2001 861 2080 primum
883 2001 1075 2080 pubescentis
1096 2002 1138 2063 lili
1159 2003 1288 2082 propul-

169 2083 311 2149 8s'atum.
334 2087 405 2148 'hic
433 2087 489 2150 erit
516 2087 647 2163 iuuenis,
676 2105 771 2167 panes
799 2105 888 2165 quom
916 2086 1040 2167 perlecti
1065 2086 1190 2150 huiusce
1216 2088 1288 2151 belli

206 2174 270 2235 laus
285 2181 339 2247 est,
362 2174 519 2235 Africanus
534 2173 572 2234 ob
588 2172 737 2252 egregiam
752 2172 909 2234 auctoriam
929 2173 965 2233 de
980 2172 1146 2234 Hannibale
1162 2173 1288 2235 Poenis·
1357 2185 1361 2196 ·

170 2268 265 2337 tque
287 2258 461 2338 appellatus.
507 2260 575 2337 luga
603 2266 703 2318 umen
726 2257 819 2318 effusa
844 2258 1038 2318 iaculatorum
1060 2276 1196 2319 maxume
1219 2259 1287 2331 suit,
1360 2257 1361 2260 ’

207 2362 282 2423 quos
309 2344 421 2423 primos
449 2343 592 2405 Numidae
623 2342 813 2416 inuasorunt;
847 2341 922 2403 alius
956 2343 1110 2404 confertus
1137 2343 1289 2422 equitatus
1309 2352 1334 2402 :o

207 2429 358 2491 consulem
391 2429 420 2489 in
452 2428 580 2490 medium
610 2436 766 2507 acceptum
795 2446 857 2488 non
887 2426 977 2488 armis
1005 2428 1095 2487 modo
1122 2428 1288 2489 sedetiam

207 2513 383 2593 corporibus
411 2514 472 2574 suis
500 2520 661 2592 protegens
691 2512 721 2573 in
752 2520 845 2574 castra
876 2529 1021 2590 nusquam
1049 2513 1289 2593 trepidansque

156 2607 185 2658 lt
206 2600 299 2660 elluse
314 2597 447 2659 cedendo
463 2597 588 2659 reduxit.
613 2598 724 2658 seruati
740 2596 873 2659 consulis
883 2598 974 2658 decus
986 2596 1104 2659 Coelius
1114 2598 1150 2658 ad
1164 2616 1288 2659 seruum

208 2683 330 2744 natione
344 2682 484 2761 Ligurem
506 2682 637 2760 delegat;
660 2682 760 2743 malim
782 2681 917 2761 equidem
940 2682 976 2742 do
998 2681 1058 2743 illio
1081 2700 1188 2743 uerum
1210 2703 1288 2756 esse,

209 2766 290 2845 quod
312 2774 341 2828 et
362 2766 464 2845 plures
487 2766 633 2829 tradidere
656 2775 794 2828 auctores
816 2775 847 2827 et
867 2768 944 2827 lama
966 2766 1104 2845 optinuit
1309 2778 1336 2825 m
1363 2803 1365 2825 r

155 2854 191 2909 tt
294 2850 358 2911 Hoc
386 2851 515 2930 primum
545 2869 613 2913 cum
643 2850 810 2912 Hannibale
837 2851 986 2932 proclium
1014 2852 1082 2920 luit:
1112 2870 1173 2931 quo
1203 2853 1290 2914 laeile
1363 2913 1365 2924 ,

208 2936 344 3016 apparuit
366 2936 499 3013 equitatu
521 2935 672 2997 meliorem
690 2935 823 2998 Poenum
846 2955 911 2997 esse
933 2946 964 2997 et
984 2936 1023 2997 ob
1045 2936 1075 2997 id
1092 2954 1215 3016 campos
1236 2956 1291 3017 pa·
1363 2927 1365 3020 l

207 3021 307 3095 tentis,
323 3019 425 3098 quales
436 3031 507 3083 sunt
521 3021 599 3083 inter
611 3020 722 3082 Padum
734 3022 893 3101 Alpesque,
908 3020 986 3082 bello
1002 3022 1134 3100 gerendo
1145 3021 1292 3083 Romanis
1363 3023 1364 3076 l

171 3114 293 3185 taptos
319 3124 381 3166 nou
409 3124 482 3168 csse.
533 3106 632 3185 itaquo
657 3106 791 3186 proxima
817 3115 906 3167 nocte
932 3106 1019 3167 iussis
1044 3106 1186 3168 militibus
1218 3126 1292 3168 nasa
1363 3117 1365 3164 i

295 3259 355 3310 let
371 3261 398 3322 ς,
418 3272 467 3307 om.
486 3252 532 3323 Pl
552 3256 567 3305 3
586 3254 720 3307 desederat
738 3255 778 3317 P¹,
797 3270 866 3307 corr.
885 3254 920 3306 P'
933 3255 982 3375 ll
999 3255 1236 3323 iaculatoribusque
1254 3256 1292 3308 Ρ
1363 3249 1364 3284 ³

209 3323 590 3393 culatoribnsquefflltexg
617 3321 766 3390 eanoPl
780 3324 919 3391 copiasque
955 3340 1015 3376 ron.
1043 3323 1291 3390 copiasPlliden·
1363 3343 1364 3346 ¹

207 3408 250 3445 sor
267 3392 314 3459 Pl
331 3397 357 3444 et
374 3406 498 3460 equorum
519 3390 662 3443 Wciremb.
690 3393 856 3458 equommP
879 3406 1056 3509 equorumque
1073 3396 1093 3455 ς
1110 3390 1121 3459 l
1139 3394 1156 3444 9
1174 3392 1290 3443 moriens
1363 3423 1364 3460 3

207 3459 250 3527 Pl
263 3460 348 3528 puluis
367 3478 401 3511 es·
446 3460 509 3513 ulsis
527 3458 580 3523 P¹l
596 3462 628 3511 to
646 3458 677 3509 ad
696 3465 723 3523 ς,
740 3474 791 3509 om.
810 3459 851 3525 Pl
867 3461 899 3512 lt
916 3460 1008 3511 anniba
1037 3459 1080 3526 Pl
1096 3461 1127 3511 14
1144 3459 1290 3512 secundnm

208 3530 250 3589 Pl
265 3530 294 3580 15
312 3477 460 3595 aliquandiu
479 3526 528 3592 Pl
547 3529 577 3580 ll
596 3528 693 3594 praemi
711 3526 758 3592 Pl
777 3529 808 3580 18
827 3526 859 3579 ad
877 3526 956 3593 pedes
975 3542 1059 3595 pugna
1078 3532 1184 3579 uenerat
1204 3528 1289 3579 Gron.

207 3595 463 3675 adldespugnauierat
486 3595 519 3644 P¹
552 3609 646 3661 anceps
671 3608 757 3661 pugna
783 3597 838 3646 erat
861 3594 895 3644 P¹
912 3592 923 3662 l
941 3597 974 3648 30
997 3596 1036 3645 bis
1061 3595 1108 3660 Pl
1126 3595 1237 3662 perculit
1253 3596 1292 3646 1¹·

208 3661 303 3729 perculi
316 3662 347 3712 P¹
361 3660 371 3727 l
384 3664 415 3715 tt
430 3661 605 3728 propulsatum
618 3666 637 3726 ς
663 3660 793 3728 pulsatum
806 3661 848 3727 Pl
861 3663 894 3713 tt
913 3664 961 3714 erit
972 3665 995 3713 P
1018 3669 1074 3714 erat
1090 3666 1110 3726 ς
1121 3662 1131 3728 l
1144 3677 1241 3729 paenas
1254 3662 1293 3713 Ρ

207 3743 284 3783 aenos
303 3728 401 3795 Plau
421 3728 534 3792 traepitle
553 3728 598 3795 Pl
616 3731 648 3780 30
667 3733 731 3793 εις
756 3729 801 3781 sed
819 3728 903 3796 Pltt
929 3735 1021 3796 quos
1047 3731 1116 3797 quod
1135 3729 1225 3798 Plan
1242 3746 1291 3797 ap-

207 3796 292 3864 paruit
309 3797 339 3847 H.
355 3795 461 3863 Sauppe
477 3796 594 3861 apparuit
612 3801 637 3846 et
648 3796 691 3862 Pl
705 3797 737 3847 33
750 3796 890 3862 alpesquae
903 3797 944 3863 Pl
957 3798 991 3850 at
1005 3799 1093 3865 itaque
1109 3815 1145 3848 cx
1162 3802 1242 3866 taque
1255 3800 1292 3849 P¹
