2734 4250
206 114 267 174 238
597 113 692 168 unua
709 115 806 182 xxxiii,
823 119 864 170 48.
877 119 910 170 48
1151 143 1171 176 ι.
1180 145 1201 177 n.
1212 144 1231 177 c.
1240 135 1275 176 att

168 365 170 368 Ι
205 299 239 352 ut
261 289 425 350 remitteret
446 287 594 366 extemplo
617 305 695 361 eum,
726 288 750 350 si
773 288 968 369 imperatores
988 288 1034 350 sui
1057 307 1120 350 non
1143 307 1276 369 compro

108 385 109 390 ’
167 385 182 434 a
204 374 324 437 bassent
339 374 458 435 iactum.
489 372 524 443 Ο.
540 373 670 434 Statorio
686 391 797 437 nomen
813 374 877 446 luit,
897 373 949 452 qui
963 374 998 434 ad
1015 391 1114 452 regem
1130 375 1277 436 remansit.

205 477 273 521 cum
294 458 411 520 duobus
433 456 576 519 Romanis
598 475 649 519 rex
672 458 812 527 Numidas
833 459 946 538 legatos
962 458 994 519 in
1009 458 1182 539 Hispaniam
1202 459 1277 521 misit

153 553 181 604 10
203 545 238 606 ad
253 542 455 624 accipiendam
478 543 564 604 iidem
587 542 624 603 ab
646 543 877 622 imperatoribus
897 544 1050 605 Romanis.
1081 544 1174 606 isdem
1196 563 1277 604 man·

205 629 299 702 dauit,
323 637 355 690 ut
377 627 515 708 protinus
536 627 691 700 Numidas,
715 629 766 707 qui
788 629 867 690 intra
889 628 1035 708 praesidia
1057 628 1309 708 Carthaginien-5

154 723 181 774 11
203 714 279 776 sium
295 713 450 775 auxiliares
464 721 574 786 essent,
596 712 632 773 ad
647 714 853 776 transitionem
872 713 1060 793 perlicerent.
1090 723 1120 774 et
1134 714 1278 776 Statorius

203 818 240 860 ex
253 799 345 860 muita
360 798 516 859 iuuentute
538 798 621 877 regni
644 797 759 878 pedites
777 799 956 878 conscripsit
977 798 1189 878 ordinatosque
1211 817 1279 878 pro·

204 885 281 945 xime
302 902 415 945 morem
439 882 605 944 Romanum
635 883 812 945 instruendo
835 893 865 945 et
883 884 1068 946 decurrendo
1089 883 1174 962 signa
1195 884 1278 963 sequi

152 978 180 1030 12
202 977 232 1030 et
246 987 366 1031 seruare
386 967 506 1028 ordines
528 967 629 1028 docuit
643 978 673 1029 et
688 969 772 1048 operi
793 968 916 1047 aliisque
939 968 1023 1030 iustis
1043 967 1221 1030 militaribus
1241 969 1278 1029 ita

203 1055 373 1126 adsuefecit,
399 1062 433 1114 ut
455 1052 539 1114 breui
561 1070 613 1113 rex
637 1071 698 1114 non
722 1053 814 1132 equiti
835 1053 930 1132 magis
951 1051 1057 1114 inderet
1078 1072 1166 1132 quarn
1189 1054 1279 1133 pediti
1298 1062 1322 1111 tt

203 1139 387 1218 conlatisque
409 1155 504 1217 aequo
527 1155 631 1217 campo
654 1138 747 1218 signis
769 1138 847 1200 iusto
869 1138 983 1217 proelio
1007 1137 1278 1217 Carthaginiensem

153 1234 180 1284 ta
201 1223 318 1286 hostem
333 1231 498 1301 superaret.
528 1222 669 1285 Romanis
684 1241 805 1302 quoque
819 1225 851 1285 in
867 1223 1009 1303 Hispania
1023 1223 1188 1301 iegatomm
1202 1224 1280 1303 regis

202 1309 348 1372 aduentus
371 1327 478 1388 magno
507 1307 707 1369 emolumento
730 1307 801 1384 iuit;
838 1326 967 1386 namque
988 1309 1024 1369 ad
1046 1309 1153 1370 famam
1175 1327 1279 1371 eorum

201 1395 392 1458 transitiones
414 1392 536 1454 crebrae
558 1391 594 1453 ab
617 1392 752 1455 Numidis
773 1404 896 1474 coeptae
917 1393 992 1454 deri.

286 1479 328 1540 lta
350 1497 418 1541 cum
442 1478 573 1558 Syphace
593 1477 736 1540 Romanis
757 1488 862 1558 coepta
884 1478 1010 1540 amicitia
1033 1486 1087 1540 est.
1123 1478 1204 1556 quod
1228 1476 1277 1539 ubi
1301 1485 1324 1536 tl

202 1563 457 1642 Carthaginienses
479 1571 668 1642 acceperunt,
692 1564 841 1643 extemplo
862 1563 899 1624 ad
914 1562 1016 1625 Galam
1031 1563 1062 1624 in
1081 1571 1167 1642 parte
1188 1562 1278 1624 altera

201 1649 355 1710 Numidiae
377 1675 419 1697 -ν-
441 1646 573 1708 Maesulii
595 1666 629 1710 ea
652 1667 726 1726 gens
751 1657 878 1710 uocatur
899 1681 942 1693 -
964 1657 1139 1726 regnantem
1167 1646 1279 1725 legatos

150 1735 332 1795 dimittunt.
369 1732 461 1792 lilium
477 1730 548 1793 Gala
563 1732 747 1795 Masinissam
768 1732 895 1795 babebat
920 1741 1034 1813 septem
1058 1734 1160 1794 decem
1183 1750 1279 1794 annos

201 1827 320 1888 natum,
348 1826 479 1878 ceterum
506 1815 648 1879 iuuenem
679 1837 713 1879 ea
736 1817 851 1892 indole,
881 1827 914 1880 ut
942 1818 1000 1880 iam
1030 1827 1093 1880 tum
1121 1826 1279 1897 appareret

202 1901 295 1964 maius
316 1919 442 1981 regnum
464 1902 704 1982 opulentiusque,
727 1922 815 1983 quam
833 1903 912 1982 quod
928 1903 1099 1982 accepisset,
1121 1904 1277 1964 iacturum.
1298 1910 1324 1960 2)

164 1986 297 2067 elegati,
321 1987 459 2066 quoniam
483 1985 600 2067 Syphax
619 2005 652 2049 se
668 1987 809 2050 Romanis
830 1987 984 2061 iunxisset,
1007 1995 1040 2048 ut
1055 1987 1207 2068 potentior
1228 2007 1277 2050 so·

201 2071 306 2134 cietate
328 2089 431 2134 eorum
454 2072 597 2135 aduersus
613 2091 700 2152 reges
721 2073 908 2154 populosque
923 2073 1038 2135 diricae
1060 2080 1147 2148 esset,
1169 2074 1279 2135 docent

162 2167 177 2216 a
199 2158 303 2221 melius
318 2159 382 2219 iore
393 2156 480 2219 Galae
496 2175 615 2238 quoque
627 2158 919 2237 Carthaginiensibus
934 2158 1017 2238 iungi
1033 2177 1121 2237 quam
1136 2158 1277 2238 primum,

200 2252 358 2322 antequam
380 2242 498 2323 Syphax
520 2242 550 2304 in
575 2243 746 2323 Hispaniam
769 2253 821 2305 aut
835 2243 962 2305 Romani
982 2243 1013 2305 in
1028 2244 1156 2305 Africam
1179 2252 1277 2305 trans·

200 2337 283 2390 eant:
316 2328 443 2408 opprimi
466 2328 629 2408 Syphacem
653 2328 796 2391 nihildum
818 2340 937 2408 praeter
959 2346 1070 2389 nomen
1094 2346 1130 2389 ex
1155 2329 1275 2391 loedere
1295 2337 1320 2385 aa

161 2426 176 2475 a
198 2414 332 2477 Romano
354 2412 512 2475 habentem
533 2432 629 2493 posse.
673 2413 759 2475 iacile
781 2431 954 2493 persuasum
977 2412 1076 2486 Galae,
1101 2413 1162 2475 lilio
1184 2414 1276 2493 depo·

199 2509 300 2561 scente
323 2500 351 2561 id
367 2497 487 2572 bellum,
511 2508 544 2558 ut
564 2498 696 2559 mitteret
713 2498 892 2572 exercitum;
915 2498 966 2577 qui
982 2498 1276 2578 Carthaginiensibus

199 2584 366 2664 legionibus
381 2583 549 2645 coniunctis
564 2600 672 2662 magno
688 2584 801 2664 proelio
817 2583 983 2664 Syphacem
997 2582 1117 2645 deuicit.
1154 2584 1275 2663 triginta

286 2768 297 2816 1
318 2765 480 2831 imperatoris
497 2768 520 2817 P
536 2766 546 2833 ΙΙ
566 2769 581 2819 2
599 2783 624 2834 q.
642 2766 752 2819 statoria
771 2772 791 2829 ς
820 2767 953 2834 questorio
970 2768 994 2819 P
1023 2782 1046 2819 c.
1063 2768 1172 2819 statoria
1189 2767 1274 2819 dudit.

198 2836 267 2884 coni.
293 2830 339 2884 Th.
351 2834 442 2898 bargis
464 2836 559 2886 Plator.
571 2834 606 2887 42
623 2835 716 2899 (1884)
728 2834 781 2889 248
803 2836 898 2887 ductos
921 2837 1097 2901 inscriptione
1118 2834 1250 2901 Delphica
1267 2849 1275 2896 y

198 2898 230 2951 ad
248 2904 267 2963 ς
293 2897 319 2950 id
337 2900 383 2968 Pil
402 2904 417 2953 3
435 2917 480 2953 rex
499 2902 615 2954 numidas
635 2902 779 2955 Weissenb.
796 2907 1005 2969 praesentarer
1023 2907 1076 2955 tres
1093 2902 1211 2955 numidas
1228 2904 1275 2955 At-

197 2964 331 3027 eohessiu'o
360 2968 440 3020 relate
465 2969 616 3023 numidis?
642 2985 687 3022 rex
704 2970 789 3023 laetus
812 2969 930 3023 numidas
947 2971 1076 3034 Facie,-
1097 2973 1202 3022 tubam
1226 2976 1276 3021 aut

197 3050 338 3087 nummum
356 3041 404 3087 aut
421 3035 536 3090 delectos
553 3054 568 3090 e
587 3037 697 3090 numidis
716 3039 989 3103 ostentamenta
1006 3042 1076 3092 ocni.
1090 3037 1203 3103 iladvig
1215 3039 1274 3090 [in.

197 3104 259 3157 Lite.
270 3102 323 3157 352
348 3119 392 3155 rex
412 3105 518 3158 totidem
537 3106 652 3158 numidas
671 3109 741 3158 coni.
759 3105 847 3158 Maur.
866 3106 979 3157 Mueller
986 3106 1077 3172 praefi
1090 3107 1130 3159 ed.
1143 3107 1182 3172 15
1202 3120 1274 3171 prae-

196 3172 267 3225 sideo
286 3172 326 3238 1²¹,
345 3188 414 3225 corr.
428 3174 462 3225 Ρ]
474 3173 484 3241 ΙΙ
497 3178 512 3227 6
531 3180 619 3226 essent
630 3180 657 3239 ς,
675 3190 726 3226 om.
740 3175 808 3240 Pyt
827 3175 898 3240 regni
916 3177 1014 3239 scripsi
1024 3175 1084 3227 iim.
1096 3174 1157 3225 diu.
1171 3173 1200 3224 ΙΙ
1209 3176 1272 3240 deq.

194 3240 754 3378 orirerurleantur
767 3243 1032 3377 crateron
1045 3240 1273 3375 tracen

195 3348 276 3429 casam
295 3378 330 3441 1²5
355 3380 439 3429 Palas
459 3394 510 3429 rosc
531 3384 646 3429 uocatur
666 3380 697 3428 in
720 3378 824 3429 duabus
845 3380 1067 3443 incompetentius
1088 3379 1211 3443 gresch,
1235 3374 1270 3437 ef.

194 3446 284 3500 me.
302 3445 335 3497 13
353 3446 444 3510 (1878)
461 3447 513 3499 560
530 3451 556 3497 et
572 3445 640 3498 diue.
657 3444 741 3498 ilion.
757 3446 792 3499 34
810 3445 903 3509 (1879)
922 3446 972 3499 159
989 3450 1015 3497 et
1031 3446 1065 3499 35
1084 3444 1177 3508 (1880)
1194 3444 1270 3501 tuot

197 3516 227 3565 l'i
246 3512 364 3565 maesulii
382 3514 447 3565 ild.
460 3512 571 3566 Mueller
597 3513 705 3566 macarii
717 3513 748 3564 Ρ1
774 3513 898 3566 maeoniis
911 3512 965 3580 ΡἾ
978 3528 1042 3580 gens
1059 3513 1093 3566 Ρ
1119 3512 1193 3580 genis
1210 3512 1268 3575 1²¹5*

197 3581 227 3633 18
246 3582 303 3647 gaia
321 3581 482 3634 masinissam
499 3580 533 3634 Ρ*
557 3581 615 3633 dala
636 3582 755 3634 sinissam
772 3584 806 3635 Ρι
826 3581 837 3649 Ι
859 3587 958 3649 septem
975 3596 1041 3633 ecs
1061 3586 1111 3633 tem
1129 3582 1177 3644 1³¹5
1199 3592 1269 3632 nrrr

198 3648 375 3717 Weuaiingii
400 3651 431 3703 19
449 3663 479 3701 ea
497 3648 609 3702 indolem
627 3650 678 3717 ΡΙΙ
700 3652 733 3703 20
750 3650 833 3703 maius
855 3651 910 3714 (uel
932 3649 1019 3715 latius)
1076 3666 1119 3701 on.
1155 3650 1220 3701 isius
1236 3648 1269 3699 P¹

195 3718 251 3771 eius
262 3716 296 3769 Ρ
307 3717 318 3782 Ι
331 3718 360 3770 21
380 3716 521 3770 inuexisset
533 3717 575 3785 ΡΙΙ
587 3717 706 3771 societati
719 3718 761 3785 ΡΙ
774 3720 807 3771 22
819 3717 914 3770 docent
927 3718 1007 3770 Vatia
1032 3716 1115 3770 donec
1126 3717 1168 3783 ΡΙ
1182 3720 1216 3770 tt
1227 3729 1268 3781 sy·

195 3784 275 3853 pbarx
292 3786 316 3835 P
326 3783 336 3852 y
347 3784 470 3836 romamni
488 3785 575 3851 Pida
594 3785 707 3852 sipacem
720 3787 751 3837 1²¹
776 3800 899 3853 sypacem
912 3785 946 3836 9²
957 3785 968 3852 ΙΙ
980 3786 1013 3838 26
1032 3785 1090 3851 goie
1103 3785 1146 3851 ΡΙ
1158 3787 1192 3838 28
1209 3798 1268 3836 con·
