2734 4250
60 189 78 220 a.
90 179 187 224 omaro
470 159 563 214 LIBER
581 161 656 229 illul,
673 165 726 215 de

58 354 114 413 qua
137 334 245 413 cuique
269 334 436 414 proximum
459 334 523 406 luit,
549 333 796 408 decucurrerunt,
819 353 854 394 eo
878 335 971 414 magis
993 334 1134 397 Romanis

57 419 152 480 subita
176 429 264 498 atque
279 419 433 499 inprouisa
448 436 495 480 res
511 418 574 492 luit,
598 419 678 496 quod
694 430 757 480 orta
773 437 808 480 ex
823 419 889 480 lacu
904 419 1013 480 nebula
1028 439 1133 501 campo

57 522 145 582 quam
161 504 315 566 montibus
330 503 451 565 densior
465 502 590 578 sederat,
611 503 788 583 agminaque
802 504 932 565 hostium
948 523 983 564 er
998 505 1134 584 pluribus

56 589 183 650 colbbus
205 591 267 669 ipsa
290 590 370 650 inter
391 607 422 649 se
444 588 514 650 eatis
535 599 697 668 conspecta
716 608 812 667 eoque
833 589 926 668 magis
948 590 1060 669 pariter
1080 590 1133 652 de-

35 705 37 726 l
55 685 261 735 cucurrerant.
299 674 451 735 llomanus
467 673 593 734 clamore
609 673 692 753 prius
706 674 838 753 undique
861 686 937 748 orto,
961 693 1048 754 quam
1064 677 1136 738 satis
1156 689 1171 737 t

55 769 204 834 cerneret,
219 778 252 820 se
263 759 501 821 circumuentum
513 776 577 820 esse
589 758 691 834 sensit,
706 768 737 820 et
751 770 820 820 ante
834 760 865 821 in
881 761 1012 820 frontem
1028 761 1133 822 latera-

55 864 114 923 que
143 846 271 924 pugnari
299 853 437 922 coeptum
466 851 525 916 est,
554 861 642 921 quem
671 845 741 906 satis
765 845 964 907 instrueretur
985 844 1062 907 acies
1084 858 1135 908 aut

55 929 189 1009 expediri
211 948 292 990 arma
314 929 480 1008 stringique
502 928 589 1009 gladii
611 942 742 1007 possent.

144 1013 255 1076 Consul
270 1013 415 1094 perculsis
430 1015 569 1076 omnibus
585 1015 647 1092 ipse
662 1016 742 1088 satis,
758 1015 836 1076 utin
853 1034 885 1076 re
900 1014 1024 1094 trepida,
1047 1016 1132 1096 inpa—
1149 1027 1168 1080 b

54 1100 143 1160 uidus
158 1099 295 1161 turbatos
310 1099 430 1160 ordines
445 1109 581 1160 uertente
599 1117 630 1159 se
647 1117 766 1179 quoque
781 1101 816 1160 ad
839 1100 976 1162 dissonos
990 1101 1134 1162 clamores

54 1185 186 1259 instruit,
203 1193 236 1246 ut
250 1194 368 1263 tempus
383 1183 525 1263 locusque
541 1183 659 1264 patitur,
676 1193 714 1258 et,
730 1202 915 1263 quacumque
930 1187 1010 1246 adire
1025 1186 1133 1246 audiri-

54 1290 114 1348 ι1ιΙθ
138 1279 253 1349 Ρθῑθθῑ,
282 1269 454 1331 adhortatur
476 1287 509 1330 ac
532 1277 610 1329 state
635 1287 669 1329 ac
691 1287 826 1350 pugnare
848 1270 945 1331 iubet:
976 1288 1032 1331 nec
1054 1270 1134 1331 enim
1156 1277 1186 1333 2·‘
1216 1271 1226 1294 ²

54 1356 126 1416 inde
141 1355 220 1417 uotis
242 1365 294 1416 aut
315 1353 514 1434 inploratione
535 1353 623 1415 deum
646 1355 697 1415 sed
713 1355 743 1414 ui
765 1372 800 1415 ac
815 1355 925 1417 uirtute
948 1356 1133 1416 euadendum

54 1459 137 1516 esse3
161 1459 216 1520 per
237 1440 349 1500 medies
371 1439 448 1500 acies
469 1440 548 1501 lerro
571 1439 650 1499 uiam
670 1440 735 1500 lieri
757 1451 795 1512 et,
818 1458 877 1519 quo
900 1441 1014 1501 timoris
1035 1441 1134 1502 minus

35 1527 107 1598 ·sit,
137 1543 173 1585 eo
202 1525 303 1586 minus
325 1524 417 1585 lerme
438 1522 563 1602 periculi
586 1543 660 1585 esse.
705 1534 837 1586 ceterum
859 1543 930 1605 prae
952 1525 1078 1605 strepitu
1100 1544 1134 1586 ac
1156 1541 1170 1586 3

54 1610 185 1671 tumultu
209 1627 265 1671 nec
287 1608 444 1670 consilium
459 1628 516 1670 nec
530 1608 687 1688 imperium
703 1610 797 1690 accipi
812 1619 937 1690 poterat,
959 1619 1133 1688 tantumque

54 1695 168 1768 aberat,
191 1706 225 1755 ut
239 1713 291 1756 sua
314 1695 398 1774 signa
420 1703 507 1773 atque
530 1693 651 1756 ordines
674 1695 816 1756 etlocum
839 1707 1007 1768 noscerent,
1029 1706 1063 1756 ut
1085 1695 1134 1755 uix

53 1782 88 1842 ed
114 1799 197 1841 arma
220 1779 364 1860 capienda
385 1779 570 1859 aptandaque
593 1798 712 1859 pugnae
734 1790 908 1859 conpeteret
929 1781 1055 1855 animus,
1079 1800 1132 1860 op-

54 1866 320 1944 primerenturque
343 1864 459 1943 quidam
484 1865 598 1925 onerati
621 1864 715 1944 magis
735 1865 772 1926 iis
794 1883 882 1944 quam
903 1866 983 1926 tecti.
1020 1877 1050 1927 et
1071 1876 1134 1926 erat

35 1961 37 2002 l
53 1951 84 2012 in
104 1960 188 2011 tanta
204 1949 329 2028 caligine
340 1949 433 2009 maior
448 1968 520 2010 usus
534 1949 651 2010 aurium
663 1967 753 2029 quam
767 1951 930 2011 oculorum.
958 1953 993 2011 ad
1008 1950 1135 2030 gemitus
1157 1962 1172 2009 t

52 2035 219 2096 uulnerum
237 2036 373 2113 ictusque
388 2052 547 2113 corporum
563 2045 612 2096 aut
627 2053 778 2097 armorum
794 2046 823 2096 et
837 2037 943 2097 mistos
957 2036 1133 2097 terrentium

53 2120 293 2201 pauentiumque
315 2119 459 2182 clamores
474 2119 724 2182 circumferebant
744 2139 795 2181 ora
818 2121 988 2200 oculosque.
1025 2121 1072 2182 alii
1089 2124 1135 2183 lu·
1157 2132 1172 2179 5

52 2210 174 2286 gientes
196 2206 394 2286 pugnantium
417 2206 505 2284 globo
528 2205 611 2266 inlati
632 2205 803 2279 haerebant,
829 2206 902 2268 alios
924 2208 1081 2267 redeuntes
1103 2206 1134 2266 in

53 2309 190 2371 pugnam
213 2289 367 2352 auertebat
393 2290 570 2369 lugientium
599 2309 716 2369 agmen.
760 2291 883 2366 deinde,
912 2290 961 2351 ubi
985 2292 1015 2351 in
1039 2290 1136 2351 omnis
1157 2302 1172 2348 6

35 2400 36 2403 ¹
52 2377 150 2457 partis
165 2376 345 2455 nequiquam
361 2376 489 2455 impetus
504 2376 591 2455 cepti,
610 2387 641 2437 et
654 2375 692 2438 ab
707 2375 847 2437 lateribus
862 2384 981 2436 montes
995 2393 1029 2435 ac
1045 2375 1134 2446 lacus,

51 2482 67 2523 a
93 2464 197 2522 lronte
224 2470 254 2522 et
275 2460 311 2521 ab
341 2471 424 2539 tergo
453 2460 582 2522 hostium
611 2462 690 2523 acies
718 2458 911 2532 claudebant,
941 2459 1136 2540 apparuitque

54 2546 170 2608 nullam
200 2546 257 2611 nisi
286 2546 317 2607 in
348 2546 468 2606 dextera
490 2546 630 2625 lerroque
652 2546 754 2608 salutis
781 2564 865 2625 spem
888 2564 967 2617 esse,
997 2555 1058 2606 tum
1081 2544 1172 2605 sibit

53 2633 185 2710 quisque
214 2630 273 2692 dur
302 2630 531 2708 adhortatorque
560 2632 653 2693 lactus
675 2632 710 2692 ad
738 2650 801 2692 rem
823 2632 983 2711 gerendam
1007 2640 1036 2689 et
1058 2647 1136 2690 noua

53 2720 91 2779 de
117 2717 237 2795 integro
260 2725 361 2777 exorta
383 2733 483 2794 pugna
507 2725 566 2790 est,
599 2736 660 2777 non
682 2716 733 2776 illa
754 2715 888 2777 ordinata
911 2733 966 2796 per
986 2714 1136 2796 principes

35 2816 37 2847 t
53 2804 250 2879 hastatosque
265 2818 299 2861 ac
314 2800 441 2874 triarios,
458 2819 514 2861 nec
531 2810 563 2862 ut
578 2820 632 2881 pro
648 2800 741 2879 signis
755 2800 950 2881 antesignani,
971 2810 1038 2881 post
1053 2801 1136 2879 signa

54 2889 112 2948 alia
137 2896 285 2966 pugnaret
308 2886 402 2958 acies,
432 2904 489 2946 nec
512 2894 545 2947 ut
565 2887 596 2948 in
620 2904 672 2947 sua
699 2886 815 2965 legione
836 2886 920 2947 miles
942 2897 993 2947 aut
1014 2885 1137 2946 cohorte

55 2984 108 3033 aut
129 2971 285 3051 manipulo
306 2982 400 3032 esset:
430 2972 491 3031 lors
519 2970 718 3051 conglobabat
746 2981 776 3031 et
797 2971 913 3033 animus
938 2989 1010 3031 suus
1031 2970 1138 3049 cuique
1159 2979 1175 3027 8

146 3160 159 3207 1
181 3170 232 3223 que
255 3154 348 3221 cuique
367 3160 386 3219 ς
408 3156 538 3205 Priscian.
557 3152 582 3204 Χ
598 3154 632 3205 43
646 3170 674 3220 p.
693 3154 785 3206 53311
807 3169 910 3222 quaque
928 3154 999 3219 Pla
1017 3152 1075 3220 edq.
1093 3153 1140 3220 Pl

57 3230 72 3277 1
97 3224 211 3277 collibus
234 3222 342 3288 Lipsius
369 3221 481 3274 urbibus
498 3222 523 3273 P
543 3220 588 3289 116
614 3222 696 3274 sensit
720 3240 755 3273 ex
775 3222 854 3275 sentit
871 3223 904 3272 P¹
922 3222 932 3288 ΙΙ
951 3223 966 3274 8
985 3221 1139 3287 stringitque

57 3291 154 3345 clandii
174 3291 216 3352 P¹,
234 3306 304 3341 corr.
323 3289 383 3357 Pl
404 3292 419 3343 9
444 3305 471 3341 re
489 3295 522 3354 ς,
546 3305 596 3341 om.
614 3289 660 3357 ΡΙΙ
681 3294 712 3343 10
731 3294 862 3342 uertentes
879 3304 908 3342 se
926 3288 968 3355 ΡΙΙ
983 3292 1013 3342 11
1033 3288 1140 3351 αᾱίτες

59 3360 187 3412 Gebhard
212 3358 276 3411 odiri
294 3356 338 3424 Pp
352 3360 382 3411 12
401 3362 469 3410 stare
487 3357 521 3409 P¹
547 3362 587 3409 ela
607 3358 640 3409 1²¹
655 3358 665 3426 d
683 3359 756 3410 iuuet
772 3358 815 3425 ΡΙΙ
835 3360 867 3411 ld
886 3362 987 3425 poterut
1004 3373 1038 3406 ex
1056 3364 1140 3408 oterat

58 3432 88 3480 P¹
101 3430 112 3495 Ι
126 3432 296 3494 tantumqaae
310 3426 333 3476 P
367 3428 396 3479 l'l
411 3424 469 3493 sdq.
481 3427 506 3477 P
511 3425 522 3491 Ι
537 3425 638 3478 ordines
657 3432 683 3478 et
695 3427 776 3477 Hertz
804 3423 966 3478 ordinemsed
978 3426 1001 3475 P
1024 3424 1139 3476 ordinem

58 3506 84 3549 et
103 3500 123 3561 ς
142 3495 290 3563 {nosceret
308 3495 331 3544 P
369 3494 399 3546 18
417 3492 596 3561 aptandaquse
614 3495 656 3560 Pl
670 3498 701 3549 19
720 3495 751 3545 iis
769 3494 801 3544 P¹
828 3494 868 3545 his
886 3494 940 3557 ΡΙ
955 3495 984 3545 21
1006 3492 1139 3545 uolnerum

61 3566 88 3626 P,
108 3564 144 3625 cs.
163 3562 279 3628 Frigell.
297 3562 411 3626 Proleg,
428 3561 620 3614 uulneratorum
638 3567 707 3615 coni.
724 3562 837 3627 Ruperti
852 3561 862 3629 d
875 3562 970 3613 mixtos
991 3560 1140 3613 terrentium

61 3634 214 3697 Heusinger·
237 3628 494 3696 mixtolstrepentiom
513 3628 601 3697 Ρ1122
619 3631 730 3683 clamore
751 3629 839 3710 Pll23
858 3629 980 3681 herebant
997 3628 1039 3693 Pl
1052 3630 1085 3680 24
1102 3644 1141 3679 re·

61 3700 181 3751 uertebat
198 3698 239 3761 P¹,
258 3714 329 3749 corr.
348 3696 382 3748 P²
397 3696 407 3764 d
424 3698 456 3749 25
476 3698 645 3766 nequicquam
663 3701 687 3749 P
700 3698 710 3765 d
728 3707 796 3764 captr
814 3698 846 3749 P¹
874 3698 934 3749 lacti
953 3695 1008 3762 peq
1021 3698 1054 3748 26
1072 3696 1141 3747 olau-

62 3769 159 3819 debanl
176 3768 276 3832 scripsi
303 3765 438 3817 claudebat
450 3766 472 3816 P
482 3765 492 3834 d
505 3766 534 3817 21
556 3766 595 3818 nis
613 3766 637 3817 in
651 3766 692 3833 Pp
706 3768 739 3819 32
757 3765 901 3832 manipulos
914 3764 955 3830 ΡΙ
969 3763 1142 3828 conglobabat

66 3844 86 3899 ς
114 3834 253 3900 conglobat
271 3836 298 3897 P,
319 3833 399 3887 Gron.

954 3916 990 3965 5*
