2734 4250
192 111 253 170 218
573 111 666 164 LlBER
685 112 781 178 XXllll,
800 117 841 168 30.
854 117 885 167 31
1011 161 1014 166 .
1136 143 1156 175 a.
1167 135 1268 176 netto

140 297 168 348 12
189 286 244 347 bus
270 285 364 365 copiis
393 293 611 365 oppugnarent.
657 285 853 365 Hippocrates
880 297 911 348 et
932 287 1094 367 Epicydes,
1124 297 1268 349 nontam

93 397 95 401 ·
154 375 155 379 ’
190 380 285 432 tutum
308 370 403 448 prima
426 370 525 449 speeie
540 388 627 449 quarn
643 389 738 432 unum
753 390 807 449 spe
822 372 955 451 undique
975 371 1089 434 abscisa
1111 374 1268 434 consilinm

190 455 348 527 cesenati,
378 464 411 515 ut
438 473 470 516 se
498 454 639 516 militibus
667 457 875 534 permitterent
902 468 933 518 et
956 458 1084 518 adsuetis
1104 474 1211 536 magna
1232 477 1268 518 ex

191 551 274 618 parte
296 540 352 602 eibi
375 550 404 600 et
426 550 489 600 tum
507 541 582 600 lama
605 540 703 602 caedis
726 541 962 603 commilitonum
984 542 1126 616 emensis,
1149 542 1269 604 obuiam

139 636 167 687 tt
189 626 298 704 agmini
322 625 498 704 procedunt.
535 625 631 705 prima
654 627 731 686 sorte
753 626 837 703 signa
859 635 1064 688 sescentorum
1083 627 1269 690 Cretensium
1290 639 1303 686 a

190 719 282 781 erant,
306 710 357 789 qui
379 721 451 788 aput
473 709 688 790 Hieronymum
711 721 883 772 meruerant
903 711 959 773 sub
981 711 1025 773 eis
1046 721 1077 772 et
1094 712 1270 774 Hannibalis

190 795 367 856 beneficium
388 794 546 870 habebant,
569 795 646 875 capti
661 796 697 856 ad
713 795 951 858 Trasumennum
972 797 1052 858 inter
1066 797 1268 861 Romanorum

139 889 166 940 14
189 880 294 940 auxilia
317 879 497 958 dimissique.
535 898 611 959 quos
625 879 677 942 ubi
699 899 736 941 ex
752 881 845 960 signis
866 899 1077 961 armorumque
1099 882 1202 944 habitu
1216 901 1269 944 co·

189 981 322 1045 gnouere
337 963 533 1044 Hippocrates
555 973 643 1044 atquc
659 965 813 1045 Epicydes,
837 985 934 1028 mmos
948 966 1031 1028 oleae
1053 985 1087 1028 ac
1101 967 1268 1029 uelamenta

189 1050 243 1112 alia
265 1050 433 1129 supplicum
456 1051 645 1130 porrigentes
668 1068 763 1125 orare,
790 1046 1015 1130 ut‘reciperent
1034 1070 1108 1124 sese,
1131 1062 1270 1132 receptos
1289 1063 1315 1112 te

188 1144 357 1196 tutarentur
380 1153 439 1195 neu
461 1136 625 1213 proderent
646 1135 848 1216 Syracusanis,
870 1136 1012 1215 aquibus
1033 1137 1089 1216 ipsi
1110 1155 1182 1198 mox
1203 1147 1269 1199 tru-

136 1224 172 1281 81
190 1220 305 1281 cidandi
321 1220 433 1299 populo
449 1219 583 1281 Romano
599 1220 789 1282 dederentur.
832 1221 986 1282 enimuero
1001 1222 1198 1296 conclamant,
1214 1222 1269 1284 ho·
1361 1238 1362 1293 ι

189 1324 260 1366 num
276 1306 454 1366 ntanimum
470 1304 629 1367 haberent:
653 1323 772 1366 omnem
790 1325 822 1368 se
845 1324 913 1367 cunr
936 1307 992 1368 illis
1013 1307 1164 1368 lortumm
1185 1308 1269 1369 subi·
1361 1376 1362 1393 ,

150 1399 279 1452 tturos.
316 1390 395 1452 inter
418 1391 474 1451 hoc
496 1389 689 1468 conloquium
711 1391 795 1469 signa
817 1392 1022 1466 constiterant,
1050 1391 1269 1472 tenebaturque
1361 1398 1362 1411 ¹

188 1494 307 1556 agmen;
331 1474 468 1547 necdum,
491 1493 567 1554 qnae
582 1493 682 1536 morae
706 1493 793 1536 causa
812 1477 899 1550 leret,
921 1487 1102 1555 peruenerat
1115 1478 1152 1538 ad
1168 1478 1270 1540 duces.
1293 1490 1317 1538 15

188 1571 344 1641 postquam
367 1559 569 1639 Hippocraten
593 1569 681 1638 atque
696 1559 847 1642 Epicyden
870 1562 971 1623 adesse
993 1562 1114 1623 ordines
1135 1565 1270 1641 peruasit

187 1663 299 1717 rumor,
321 1645 514 1723 fremitusque
536 1653 598 1706 toto
621 1645 739 1724 agmine
754 1655 818 1707 erat
836 1647 909 1708 haut
929 1646 1019 1707 dubie
1040 1646 1269 1726 adprobantium

187 1732 346 1792 aduentum
374 1747 493 1803 eorum,
520 1731 669 1810 externplo
698 1743 850 1807 praetores
879 1732 974 1793 citatis
1000 1733 1085 1810 equis
1114 1733 1149 1793 ad
1171 1733 1269 1812 prima

150 1826 164 1874 t
185 1816 269 1895 signa
285 1824 491 1893 perrexerunt.
529 1815 579 1894 qui
601 1833 666 1876 mos
680 1815 740 1888 ille,
763 1835 838 1895 qnae
852 1816 972 1878 licentia
987 1816 1173 1878 Cretensium
1188 1829 1270 1881 esset

187 1901 350 1978 rogitantes
373 1899 530 1978 conloquia
553 1901 670 1962 serendi
693 1919 762 1962 cum
792 1903 876 1963 hoste
898 1901 1073 1979 iniussuque
1095 1911 1270 1981 praetorum
1291 1913 1318 1962 ar

150 1996 164 2045 t
188 1984 331 2046 miscendi
347 2003 399 2045 eos
414 1985 523 2064 agmini
539 2004 603 2058 suo,
619 1986 823 2065 conprehendi
835 1986 965 2065 inicique
980 1995 1099 2048 caunas
1114 1987 1270 2051 iusserunt

188 2069 369 2152 Hippocrati.
414 2071 449 2132 ad
472 2087 558 2149 quam
583 2088 689 2132 uocem
711 2079 812 2133 tantm
835 2071 981 2151 externplo
1004 2071 1133 2151 primum
1155 2091 1172 2134 a
1194 2073 1269 2135 Cre-

187 2156 321 2218 tensibus
343 2156 454 2217 clamor
476 2165 520 2216 est
542 2165 636 2228 ortus,
658 2156 766 2217 deinde
788 2168 929 2235 exceptus
954 2155 991 2217 ab
1014 2158 1093 2231 aliis,
1116 2167 1150 2219 ut
1171 2159 1267 2232 lacile,

150 2242 209 2303 tsi
233 2242 308 2304 ultra
331 2241 498 2311 tenderent,
527 2251 685 2319 appareret
707 2242 750 2302 eis
771 2242 937 2304 timendum
958 2261 1034 2303 esse.
1077 2242 1196 2304 solliciti
1220 2248 1268 2306 in·
1361 2253 1362 2310 l

187 2328 320 2405 certique
343 2345 442 2387 rerum
470 2343 589 2386 suarum
613 2325 747 2404 Megara,
776 2328 856 2388 unde
882 2328 1010 2405 proiecti
1031 2337 1130 2400 erant,
1159 2330 1268 2391 referri
1289 2339 1315 2388 tt

185 2414 268 2489 signa
291 2412 396 2473 iubent
418 2411 599 2489 nuntiosque
621 2410 657 2471 de
680 2419 756 2472 statu
780 2412 929 2490 praesenti
949 2412 1109 2492 Syracusas
1132 2414 1267 2476 mittunt
1361 2413 1362 2416 ’

148 2508 163 2557 6
185 2498 317 2558 fraudem
339 2515 459 2593 quoque
482 2495 679 2576 Hippocrates
699 2496 779 2558 addit
801 2496 949 2559 inclinatis
970 2498 1005 2558 ad
1028 2515 1148 2558 omnem
1166 2501 1267 2579 suspi-

185 2582 301 2643 cionem
324 2581 429 2641 animis
457 2589 487 2641 et
509 2580 694 2642 Cretensium
718 2580 894 2678 quibusdam
922 2582 958 2643 ad
981 2582 1088 2643 itinera
1109 2583 1267 2646 insidenda

184 2667 280 2728 missis
296 2665 400 2728 uelut'
393 2674 572 2744 interceptas
587 2665 708 2737 litteras,
731 2684 805 2744 quas
818 2666 881 2772 ipse
903 2675 1122 2746 composuerat,
1144 2668 1265 2730 recitat.

147 2763 161 2811 1
180 2745 349 2812 ‘Praetores
364 2749 541 2829 Syracusani
557 2750 673 2812 consuli
688 2748 846 2812 Marcello?
887 2753 1051 2814 secundnm
1073 2752 1210 2826 monn,
1234 2765 1269 2816 ut
1287 2763 1313 2813 at

186 2835 306 2907 adsolet,
329 2835 471 2914 scriptum
494 2845 557 2897 erat
579 2845 659 2897 recte
675 2854 744 2898 eum
765 2846 855 2934 atque
877 2838 982 2898 ordine
996 2838 1111 2910 fecisse,
1135 2840 1240 2916 quod
1232 2859 1264 2901 rn
1361 2891 1362 2896 ,

147 2930 162 2980 8
182 2919 336 2981 Leontinis
359 2919 431 2980 nulli
455 2922 649 2999 pepercisset;
673 2930 720 2982 set
737 2922 871 2983 omnium
893 2922 1170 2983 mercennariorum
1185 2924 1264 2985 mili·

269 3106 282 3156 1
302 3102 467 3169 hippogratee
479 3102 520 3171 ΡΙΙ
534 3107 551 3155 4
567 3107 621 3155 tum
634 3108 653 3168 ς
679 3109 761 3155 tutum
775 3105 816 3172 ΡΙ
829 3108 845 3157 6
864 3104 1032 3157 hieronimum
1045 3105 1087 3173 ΡΙ
1101 3110 1114 3159 'l
1133 3111 1210 3173 capta
1229 3106 1263 3159 ad
1361 3085 1362 3090 ἵ

183 3172 393 3237 thrasymennum
411 3172 435 3222 P
449 3170 459 3239 l
476 3174 491 3225 8
511 3186 690 3238 armorumque
708 3172 796 3224 habitu
814 3174 896 3225 Prot.
916 3174 982 3226 1531
1015 3180 1170 3226 armatorum
1189 3175 1263 3227 habi·
1361 3193 1362 3232 ι

183 3245 261 3306 tuque
275 3238 299 3289 P
313 3239 453 3306 habituque
465 3254 591 3291 armorum
605 3237 778 3306 Alschefski!
789 3244 806 3294 9
818 3240 941 3308 epycides
953 3241 994 3307 Pl
1007 3244 1039 3295 11)
1051 3242 1206 3309 supplicium
1221 3241 1262 3308 ΡΙ

182 3323 240 3361 sese
234 3314 375 3425 receptos
388 3312 408 3372 ς
433 3323 492 3360 sese
509 3314 538 3359 ut
555 3308 699 3373 reciperent
715 3323 774 3360 aeae
785 3314 904 3376 receptos
915 3310 949 3361 Ρ1
974 3324 1004 3361 se
1015 3324 1063 3362 seu
1074 3316 1194 3377 receptos
1206 3311 1259 3377 ΡἸ

184 3377 239 3429 ll'
233 3392 289 3443 rpso
346 3374 356 3441 ΙΙ
376 3378 409 3427 ta
426 3375 594 3427 constiterant
612 3392 647 3427 ee·
664 3376 883 3429 ιιοιιιι1ἱ1ειι1ιι1ΡΙ
902 3380 912 3443 Ι
932 3380 963 3430 lb
981 3377 1187 3444 αιιειοΡΙΙθ
1206 3380 1260 3445 epi·
1361 3393 1362 3398 ¹

182 3442 411 3570 Hidretlascgtiirt
414 3443 858 3578 orltllihffiissaeddmffestttindfflorgn.
872 3462 924 3580 qm.
942 3444 984 3567 fl!
995 3460 1089 3566 311111111ξέ
1105 3448 1259 3581 (ΙζιὶκίδοὲἰιΣ
1361 3497 1362 3500 ¹

182 3580 241 3629 tatis
259 3582 279 3642 ς
306 3578 417 3631 ciuitatis
435 3581 459 3630 P
473 3578 483 3645 ll
503 3583 533 3633 19
551 3580 595 3631 ille
613 3583 633 3644 ς
658 3580 735 3632 illese
751 3582 776 3632 Ρ
789 3580 800 3646 l
813 3584 845 3633 to
865 3582 976 3633 serendo
993 3582 1036 3649 ΡΙΙ
1048 3584 1082 3634 11
1098 3582 1258 3649 hippocratis

181 3648 209 3712 P,
227 3646 275 3697 det
291 3644 371 3697 Gran.
385 3646 395 3713 l
408 3648 566 3699 cretensibus
577 3646 613 3699 1³⁸
637 3648 766 3700 crantibus
780 3650 812 3700 Ρι
835 3650 947 3702 cratibus
959 3654 1028 3701 cent.
1043 3650 1124 3702 Gran
1138 3650 1192 3717 121
1204 3664 1258 3702 ne·

181 3728 267 3782 garam
290 3712 506 3781 PlleratPlYl
526 3715 671 3781 hipocrates
690 3716 784 3781 Prae
802 3717 951 3784 syracusani
969 3732 1023 3770 eos.
1044 3718 1125 3770 Gran.
1152 3733 1257 3786 syracu-

181 3796 258 3833 sanos
277 3780 318 3846 ΡΙΙ
332 3780 480 3833 secumdum
498 3783 540 3848 ΡΙΙ
553 3786 582 3834 at
604 3784 699 3835 atsolet
715 3785 739 3835 P
