2734 4250
69 150 197 195 ..cmm
465 134 559 189 LIBER
575 136 651 202 ΧΧΙΙ,
668 140 710 191 51.
723 140 756 192 52
1083 138 1144 199 115

68 319 164 388 strage
185 307 282 369 media
305 308 438 383 cruenti,
465 326 541 387 quos
562 309 665 371 stricta
694 310 837 371 matutino
863 309 973 388 frigore
995 310 1144 373 excitaue-

68 403 133 455 rant
148 393 285 465 uulnera,
309 392 346 454 ab
362 394 445 454 hoste
460 394 594 473 oppressi
609 402 695 469 sunt;
718 395 861 473 quosdam
877 404 906 456 et
921 396 1044 457 iacentis
1059 396 1145 459 uiuos
1167 409 1181 458 r

68 478 189 541 succisis
211 476 373 540 feminibus
387 478 610 558 poplitibusque
622 478 817 552 inuenerunt,
840 479 979 541 nudantis
994 480 1143 543 ceruicem

67 564 260 643 iugulumque
282 572 313 623 et
334 562 481 625 relicuum
505 563 681 643 sanguinem
704 564 841 626 iubentes
864 565 998 639 haurire3
1027 566 1145 629 inuenti
1166 578 1181 628 8

37 650 184 727 tquidam
206 657 280 711 sunt
307 648 412 710 mersis
441 647 472 709 in
501 649 639 711 effossam
660 658 770 711 terram
793 650 954 729 capitibus,
984 669 1059 730 qnos
1087 651 1143 714 sibi

67 736 145 811 ipsos
166 735 275 795 iecisse
296 734 399 794 leneas
426 733 641 814 obruentisque
662 752 716 795 ora
743 736 909 814 superiecta
937 736 1029 796 humo
1050 735 1144 798 inter·

66 818 187 881 clausisse
209 818 348 898 spiritum
374 818 543 898 apparebat
589 819 748 898 praecipue
770 820 920 881 conuertit
946 839 1051 883 omnes
1072 821 1142 883 sub·
1165 830 1180 881 9

66 914 176 966 tractus
191 902 319 965 Numida
332 911 452 964 mortuo
466 902 712 983 superincubanti
724 904 857 965 llomano
873 905 961 967 uiuus
976 924 1047 967 naso
1063 906 1143 968 auri-

66 988 181 1068 busque
203 988 347 1061 laceratis,
368 1006 437 1050 cum
453 988 501 1049 ille
523 988 660 1051 manibus
675 989 711 1049 ad
726 988 902 1068 capiendum
918 990 1008 1052 telum
1031 991 1143 1053 inutili·

23 1084 48 1133 to
64 1074 117 1135 bns
138 1074 172 1135 in
196 1073 310 1135 rabiem
332 1074 374 1134 ira
396 1091 483 1135 uersa
504 1073 644 1135 laniando
666 1073 806 1136 dentibus
828 1076 944 1136 bostem
971 1074 1143 1156 expirasset.

147 1159 259 1238 Spoliis
280 1158 318 1219 ad
344 1158 471 1221 multum
492 1158 549 1220 diei
578 1158 663 1220 lectis
684 1158 833 1220 Hannibal
861 1159 897 1220 ad
924 1160 1039 1221 minora
1061 1160 1142 1223 ducit
1156 1165 1193 1221 52

64 1256 159 1305 castra
180 1244 382 1324 oppugnanda
397 1252 428 1304 et
441 1244 575 1305 omnium
589 1244 719 1323 primum
734 1242 872 1305 bracchio
888 1244 1005 1305 obiecto
1021 1245 1142 1306 llumine

64 1348 114 1390 eos
136 1329 277 1391 excludit.
325 1337 457 1390 ceterum
486 1328 523 1390 ab
545 1328 686 1390 omnibus
714 1328 815 1390 labore
838 1329 946 1408 uigiliis
968 1328 1143 1392 uulneribus
1164 1340 1179 1389 a

66 1415 153 1474 etiam
175 1414 263 1476 sessis
292 1414 436 1475 maturior
461 1414 555 1493 ipsius
582 1433 635 1493 spe
658 1413 767 1475 deditio
789 1423 835 1476 est
855 1414 940 1475 facta.
985 1414 1079 1493 pacti,
1109 1423 1142 1476 ut

20 1508 45 1559 ta
64 1518 143 1559 arma
158 1508 248 1577 atque
263 1517 357 1578 equos
370 1498 531 1571 traderent,
554 1498 585 1559 in
602 1498 696 1578 capita
712 1498 843 1560 Romana
867 1498 995 1561 trecenis
1014 1499 1142 1560 nummis

65 1584 262 1663 quadrigalis,
290 1584 322 1645 in
345 1583 444 1645 socios
464 1583 603 1658 ducenis,
632 1583 663 1644 iu
690 1601 795 1646 seruos
819 1584 971 1659 centenis,
1000 1593 1031 1645 et
1051 1592 1085 1644 ut
1107 1595 1178 1646 eoa

65 1670 159 1748 pretio
188 1668 341 1748 persoluto
369 1686 438 1730 cum
464 1668 589 1747 singulis
617 1667 736 1729 abirent
758 1668 957 1741 uestimentis,
987 1670 1017 1730 in
1047 1678 1141 1731 castra

66 1754 157 1816 bostis
178 1762 378 1833 acceperunt,
401 1752 559 1833 traditique
581 1753 613 1813 in
636 1753 799 1816 custodiam
822 1772 926 1817 omnes
947 1763 1034 1829 sunt,
1057 1773 1139 1816 seor-

65 1857 128 1899 sum
150 1840 235 1901 ciues
256 1838 399 1918 sociique.
444 1838 514 1899 dnm
536 1838 577 1900 ibi
599 1846 718 1918 tempus
740 1838 855 1913 teritur,
879 1840 992 1901 interea
1014 1857 1082 1901 cnm
1106 1850 1178 1900 ext

21 1930 47 1981 a
65 1924 226 1986 maioribus
248 1924 362 1997 castris,
384 1922 494 2002 quibus
515 1922 585 1985 satis
607 1923 716 1985 uirium
739 1932 769 1985 et
790 1924 880 1985 animi
904 1925 967 2000 luit,
995 1924 1031 1985 ad
1053 1934 1140 2004 quat-

65 2017 132 2069 tuor
153 2008 236 2071 milia
258 2009 415 2070 hominum
435 2020 466 2069 et
480 2008 600 2069 ducenti
623 2008 747 2088 equites,
770 2008 818 2070 alii
833 2008 960 2088 agmine,
982 2010 1030 2070 alii
1051 2010 1139 2089 palati

65 2094 172 2174 passim
187 2112 243 2175 per
256 2111 354 2173 agros,
377 2094 457 2174 quod
471 2093 550 2156 baud
565 2094 665 2156 minus
681 2102 779 2156 tutum
794 2104 866 2169 erat,
889 2092 1049 2156 Canusium
1071 2112 1139 2174 per·

65 2180 227 2258 tegiment,
256 2187 353 2242 castra
374 2179 437 2259 ipsa
459 2179 495 2241 ab
518 2179 626 2241 sauciis
646 2178 817 2258 timidisque
839 2179 942 2241 eadem
964 2180 1140 2241 condicione

65 2283 119 2342 qna
140 2265 235 2326 altera
262 2264 369 2327 tradita
392 2264 477 2325 boeti.
521 2265 630 2344 praeda
651 2264 760 2344 ingens
782 2273 865 2345 parta
887 2272 946 2338 est,
976 2271 1005 2324 et
1024 2274 1178 2345 praetere

23 2355 48 2406 rt
65 2368 155 2428 equos
178 2350 321 2428 uirosque
343 2349 412 2411 etsi
434 2349 504 2427 quid
527 2349 703 2428 argenti-
726 2349 807 2429 quod
829 2348 990 2429 plurimum
1012 2349 1043 2409 iu
1066 2348 1140 2428 pba-

65 2434 131 2497 leris
152 2453 304 2514 equorum
325 2443 401 2509 erat,
424 2452 494 2496 nam
514 2435 551 2496 ad
573 2435 756 2496 uescendum
778 2435 856 2495 lacto
879 2434 1055 2515 perexiguo,
1083 2433 1139 2494 uti·

67 2537 120 2597 que
145 2520 325 2592 militantes,
354 2517 579 2582 utebantur-
601 2518 698 2580 omnis
720 2527 818 2581 cetera
846 2517 954 2599 praeda
976 2517 1139 2598 diripienda

67 2603 127 2664 data
148 2613 205 2667 est.
251 2613 314 2666 tum
335 2603 498 2685 sepeliendi
512 2621 601 2666 cansa
616 2604 746 2665 conlerri
767 2604 798 2665 in
814 2623 909 2666 unum
924 2621 1049 2684 corpora
1072 2622 1140 2665 suo·
1163 2616 1179 2664 e

67 2705 128 2750 rum
148 2690 247 2752 iussit.
291 2690 326 2750 ad
349 2697 416 2751 octo
437 2688 517 2750 milia
539 2689 630 2751 luisse
651 2689 793 2750 dicuntur
813 2689 1040 2752 fortissimorum
1059 2688 1140 2750 uiro·

27 2777 52 2829 ὓ
67 2791 137 2836 rum.
190 2773 345 2836 consulem
367 2792 486 2854 quoque
507 2773 674 2836 Romanum
703 2773 904 2853 conquisitum
932 2773 1140 2854 sepultumque

68 2859 182 2934 midam
203 2867 342 2922 auctores
361 2868 442 2921 sunt.

149 2997 160 3045 t
182 3007 249 3059 quos
269 2993 358 3044 stricti
376 2992 501 3044 matutino
519 2989 555 3042 Ρ
584 2991 859 3060 quostractilaututiuo
878 2991 926 3054 1¹¹5
943 2996 1075 3043 contracta
1093 2996 1142 3042 cat

70 3065 131 3112 taeta
143 3065 215 3142 cono·
228 3059 341 3125 namq
351 3060 410 3140 lint,
422 3059 483 3112 hta.
494 3059 546 3111 309
558 3064 585 3110 et
594 3058 682 3124 praes.
695 3058 758 3138 ‘dgi
766 3061 787 3140 Ι3
805 3058 920 3111 succisos
932 3058 975 3138 Pl]
988 3062 1004 3112 l
1022 3058 1141 3111 iubentes

70 3125 287 3276 terere
297 3129 346 3276 9,
356 3125 568 3330 erispa.
578 3129 603 3247 9
614 3127 811 3247 taratra
826 3125 1035 3248 9933993
1048 3141 1142 3258 ,9,

69 3262 268 3410 {ellada
278 3263 503 3413 iiiiissm?
512 3262 573 3410 ta
583 3261 943 3414 3333393339λῖ
956 3263 1143 3408 ,33393933

72 3401 296 3532 nesea
307 3397 549 3520 assata
560 3395 1140 3533 arettaemiraracula

73 3557 102 3610 '.'
111 3537 225 3590 emonis
233 3543 297 3602 post
309 3539 339 3590 l'l
353 3535 485 3602 persoluto
497 3537 559 3599 (orn.
572 3537 614 3599 eo)
623 3537 704 3600 ponit
713 3533 827 3600 Reperti·
835 3535 844 3600 ΙΙ
854 3533 957 3586 tricenis
969 3532 1009 3598 Pq
1024 3536 1054 3586 Π
1068 3547 1140 3599 prae-

75 3607 106 3651 tio
116 3603 155 3671 Pl
171 3607 202 3658 te
219 3617 337 3657 seorsum
348 3606 369 3668 ς
394 3617 510 3656 eeeorum
523 3602 564 3671 ΡΙ
580 3605 612 3655 te
623 3601 734 3668 eocliqui
746 3601 787 3670 ΡΙΙ
802 3603 834 3654 20
847 3606 874 3653 et
887 3599 1032 3654 Weissmb.
1059 3605 1088 3651 ut
1101 3601 1141 3680 lfll

75 3669 178 3737 ruini&
203 3673 280 3726 nimis
298 3671 344 3739 ΡΙ
363 3673 394 3724 21
414 3671 493 3723 millia
511 3669 681 3735 Pflducenta
700 3669 734 3721 P’
759 3668 868 3748 ducenta
882 3668 952 3720 milia
969 3685 1004 3719 aa
1021 3668 1140 3746 ducentqa

76 3737 186 3859 {5123
200 3742 210 3807 Ι
227 3743 261 3794 24
279 3746 368 3808 paratu
385 3741 410 3791 P
424 3739 435 3808 l
452 3741 485 3792 28
501 3737 645 3805 sepeliendi
663 3755 699 3789 ex
720 3736 881 3804 sepellreudo
899 3737 931 3788 1³¹
948 3736 958 3801 l
978 3739 1011 3788 29
1031 3734 1065 3787 ad
1082 3748 1137 3786 utri·

952 3885 988 3936 8*
