2734 4250
87 144 111 179 ι.
126 132 181 177 cur.
195 134 234 175 ru
474 128 674 201 creemur,
694 138 733 189 14.
754 138 784 189 15
1126 132 1164 195 1⁷

86 306 149 368 bus
171 306 245 367 uino
266 305 303 368 sb
326 306 509 367 imminentis
531 325 623 368 seusu
645 305 714 368 mali
736 324 887 370 uenenum
909 325 1013 371 omnes
1031 328 1165 391 sumpse·

86 400 180 467 runt;
211 392 281 452 inde
308 392 397 453 misso
426 392 568 453 conuiuio
596 392 706 454 dextris
735 394 815 454 iuter
841 412 873 455 se
901 393 976 455 datis
1003 393 1167 475 ultimoque
1189 408 1204 458 t

87 476 244 555 conplexu
263 476 510 539 conlacrimantes
524 494 612 539 suunt
626 477 798 557 patriaeque
813 494 914 539 casum
927 477 985 552 alii,
1008 487 1041 541 ut
1063 482 1167 544 eodem

86 580 168 641 rogo
184 571 397 636 cremarentur,
413 571 597 637 manserunt,
612 562 661 624 alii
674 563 778 625 domos
789 562 912 643 digressi
927 572 1005 625 suut
1039 565 1167 645 inpletae
1189 578 1204 628 t

46 658 63 706 t
85 646 167 707 cibis
190 646 321 726 uinoque
344 664 438 709 uenae
459 647 560 709 minus
581 648 733 709 eldcacem
754 648 784 709 iu
806 649 979 711 maturanda
994 658 1089 713 morte
1104 652 1166 715 uim

87 730 207 793 ueneni
228 732 378 793 lecerunt:
401 732 499 811 itaque
522 741 640 793 noctem
662 742 754 794 totam
776 732 912 813 plerique
933 752 1036 795 eorum
1058 744 1089 797 et
1109 737 1168 799 diei

87 817 282 895 insequentis
303 824 416 897 partem
438 835 506 879 cum
529 818 656 879 enimam
672 818 812 899 egissent,
835 836 939 881 omnes
960 829 1059 882 tamen
1074 822 1167 901 prius,

88 918 184 981 quam
206 902 396 981 aperirentur
416 902 552 964 hostibus
573 914 686 983 portae,
710 904 892 985 expirarunt.

180 986 304 1049 Postero
333 988 380 1048 die
408 996 495 1067 porta
518 987 615 1061 louis,
644 1006 720 1068 quae
748 988 891 1050 aduersus
919 996 1014 1051 castra
1035 990 1204 1054 Romanae

34 1082 65 1133 to
88 1080 167 1145 erat,
189 1072 272 1133 iussu
287 1072 502 1152 proconsulum
517 1082 618 1153 aperta
635 1082 688 1136 est
725 1092 760 1135 ea
775 1072 943 1135 intromissa
964 1072 1041 1152 legio
1064 1094 1122 1138 uua
1139 1086 1169 1139 et

90 1158 171 1218 duae
185 1155 249 1218 alne
264 1175 331 1219 cum
348 1156 379 1218 G.
395 1156 501 1219 Fuluio
516 1159 621 1237 legato.
659 1159 684 1220 is
700 1176 767 1221 cum
783 1158 916 1219 omnium
938 1158 1066 1239 primum
1090 1178 1169 1223 arma
1191 1174 1206 1223 t

90 1242 223 1321 telaque,
239 1260 315 1322 quae
330 1242 447 1322 Capuae
461 1252 555 1316 erant,
570 1244 607 1304 ad
621 1262 654 1305 se
668 1242 850 1305 conterenda
865 1253 1005 1317 curasset,
1028 1247 1170 1309 custodiis

90 1327 129 1387 ad
153 1344 261 1388 omnes
282 1338 383 1407 portas
404 1327 569 1407 dispositis,
598 1346 637 1390 ne
665 1329 732 1407 quis
761 1328 840 1389 exire
865 1336 917 1389 aut
944 1328 1037 1391 emitti
1060 1341 1168 1410 posset,

92 1412 275 1491 praesidium
291 1413 436 1474 Punicum
458 1413 694 1493 comprehendit,
716 1422 851 1476 senatum
867 1412 1050 1492 Campanum
1072 1416 1115 1477 ire
1138 1417 1168 1477 in

39 1506 69 1557 15
91 1506 191 1558 castra
220 1497 255 1559 ad
284 1499 476 1578 imperatores
499 1499 650 1561 Romanos
677 1499 771 1561 iussit.
822 1516 882 1577 quo
909 1514 977 1560 cum
1009 1501 1207 1575 uenissentt

92 1581 246 1661 extemplo
269 1583 304 1644 iis
327 1583 465 1645 omnibus
487 1593 608 1645 catenae
630 1584 766 1657 iniectae,
788 1583 918 1662 iussique
939 1584 975 1645 ad
998 1594 1171 1663 quaestores

92 1667 215 1727 deferre
236 1667 317 1746 quod
343 1668 407 1729 auri
433 1679 523 1748 atque
550 1670 666 1748 argenti
692 1669 847 1730 baberent.
890 1669 954 1729 auri
984 1670 1083 1748 pondo
1111 1671 1170 1733 duo

93 1752 175 1813 milia
198 1754 385 1832 septuaginta
407 1754 479 1828 luit,
506 1754 622 1833 argenti
649 1754 770 1833 triginta
797 1752 877 1814 milia
904 1755 1005 1833 pondo
1033 1764 1063 1817 et
1090 1757 1170 1819 mille

94 1837 236 1899 ducenta.
272 1847 426 1900 senatores
439 1839 573 1918 quinque
589 1849 620 1901 et
633 1838 738 1917 uiginti
755 1838 838 1900 Cales
854 1839 886 1900 in
901 1839 1073 1913 custodiam,
1097 1842 1171 1903 duo·
1192 1852 1210 1903 9

37 1934 69 1984 m
93 1922 256 2001 detriginta
270 1922 403 1985 Teanum
417 1924 507 1998 missi,
530 1942 657 2004 quorum
676 1924 713 1985 de
727 1924 874 1986 sententia
887 1925 1013 1985 maxime
1028 1926 1171 1989 descitum

95 2007 134 2067 ab
157 2007 301 2070 Romanis
322 2009 485 2070 constabat.

185 2092 228 2154 be
242 2094 388 2174 supplicio
403 2093 544 2175 Campani
557 2102 679 2156 senatus
693 2093 920 2173 haudquaquam
940 2093 1019 2156 iuter
1033 2094 1170 2159 Fuluium
1187 2102 1223 2159 lt

97 2177 314 2258 Claudiumque
336 2179 549 2242 conueniebat:
571 2179 664 2241 facilis
679 2179 882 2260 impetrandae
898 2179 1002 2241 ueniae
1024 2179 1170 2256 Claudius

99 2262 208 2324 Fuluio
222 2263 325 2325 durior
338 2265 485 2327 sententia
500 2273 572 2326 erat.
609 2265 707 2344 itaque
722 2264 836 2344 Appius
850 2264 973 2325 llomam
988 2265 1023 2325 ad
1038 2277 1173 2327 senatum
1194 2277 1210 2328 2

41 2361 73 2410 ²5
97 2348 256 2409 arbitrium
278 2351 342 2411 eius
356 2350 400 2410 rei
414 2357 509 2411 totum
528 2349 685 2410 reiciebat:
708 2348 922 2429 percunctandi
943 2348 1029 2410 etiam
1045 2368 1173 2429 aequum
1194 2363 1209 2412 t

100 2451 168 2494 esse
189 2443 366 2513 potestatem
386 2435 452 2495 llari
480 2433 629 2515 patribus,
658 2452 731 2495 uum
760 2434 1030 2495 communicassent
1050 2436 1174 2498 consilia

101 2536 171 2579 cum
193 2518 299 2597 aliquis
319 2520 469 2581 sociorum
491 2519 588 2581 Latini
614 2519 745 2580 nominis
766 2517 1027 2598 [municipiorum],
1050 2527 1079 2581 et
1101 2539 1173 2582 num

102 2621 162 2683 ope
176 2621 279 2664 eorum
295 2604 326 2665 in
340 2605 418 2666 bello
433 2605 534 2666 forent
544 2604 644 2665 adiuti.
673 2604 704 2665 id
715 2621 788 2665 uero
799 2603 920 2665 minime
931 2605 1174 2668 committendum
1196 2618 1211 2668 4

102 2705 169 2750 esse
180 2687 303 2751 Fuluius
316 2689 426 2763 dicere,
441 2697 475 2751 ut
484 2689 714 2751 sollicitarentur
724 2688 899 2750 criminibus
912 2687 1010 2751 dubiis
1023 2691 1172 2752 sociorum

44 2789 77 2839 ω
101 2772 233 2834 fidelium
248 2775 339 2835 animi
354 2785 384 2836 et
397 2774 606 2837 subicerentur
626 2773 784 2847 iudicibus,
807 2775 873 2853 quis
888 2791 986 2854 neque
1001 2776 1070 2854 quid
1093 2775 1173 2838 dice·

102 2867 174 2919 rent
201 2877 300 2938 neque
328 2860 396 2938 quid
425 2861 560 2921 lacerent
585 2859 743 2938 quicquam
771 2875 911 2938 umquam
941 2861 1026 2938 pensi
1055 2861 1174 2923 luisset:

103 2945 204 3021 itaque
224 2962 257 3005 se
277 2961 342 3005 cam
364 2945 568 3023 quaestionem
591 2962 804 3024 oppressurum
827 2945 1098 3024 extincturumque.
1137 2946 1176 3007 ab
1196 2959 1210 3007 5
1256 2957 1258 2962 '

103 3029 164 3089 boc
184 3045 323 3091 sermone
343 3048 411 3090 cum
433 3030 557 3109 digressi
572 3037 681 3103 essem,
704 3039 735 3091 et
748 3029 861 3109 Appius
879 3030 1014 3108 quamuis
1035 3032 1175 3093 ferociter

104 3112 277 3191 loquentem
299 3114 442 3194 collegam
465 3132 527 3176 non
549 3114 698 3176 dubitaret
726 3121 823 3174 tamen
850 3113 962 3176 litteras
983 3133 1073 3195 super
1094 3125 1176 3177 tanta

176 3265 191 3315 3
209 3263 337 3330 conplexu
348 3264 383 3316 P¹
393 3264 512 3331 conplexi
523 3265 554 3316 P¹
568 3263 624 3333 lali
637 3264 678 3333 Pl
692 3266 709 3317 4
721 3264 817 3331 inplete
830 3263 871 3332 ΡΙΙ
885 3266 900 3316 5
913 3264 985 3316 cibus
995 3279 1098 3331 unoque
1110 3280 1175 3318 uene

106 3333 179 3398 ΡΙθ
201 3330 243 3384 die
262 3332 330 3399 rtr
350 3338 447 3399 partem
472 3334 494 3385 is
518 3347 577 3384 eum
593 3331 665 3402 Pte
682 3333 735 3385 ioui
754 3331 796 3399 Pl
811 3335 841 3384 10
860 3331 1040 3398 proconsulum
1065 3331 1176 3397 liutperti

106 3413 209 3468 procos.
227 3400 252 3452 P
265 3401 426 3468 proconsulis
443 3399 485 3468 ςΙ
499 3403 530 3453 12
548 3414 629 3467 capua
648 3403 672 3452 P
680 3401 691 3468 Ι
704 3403 737 3453 ll
749 3397 958 3466 compraehendit
970 3399 1012 3466 Pl
1027 3401 1175 3466 terriginis

107 3467 187 3520 millia
206 3467 247 3538 ΡΙ
260 3471 294 3520 20
312 3468 383 3520 missi
401 3472 421 3533 ς
437 3469 507 3520 misit
523 3468 564 3537 ΡΙΙ
578 3471 612 3522 24
629 3468 711 3521 luluio
724 3467 829 3520 Pluluii
841 3471 861 3532 ς
872 3467 881 3536 ll
895 3470 926 3520 ll
939 3469 1135 3536 municipiorum
1149 3471 1176 3534 P,

108 3537 159 3589 dot
177 3536 288 3602 uadmg
306 3553 348 3603 op.
366 3551 406 3588 ac.
424 3537 506 3590 1239
522 3553 569 3603 sq,
592 3537 650 3588 Em.
667 3535 788 3590 1111374
805 3534 849 3604 (et
883 3535 1077 3602 municipiorum
1097 3537 1178 3590 tiron.

107 3602 189 3684 (aut)
204 3606 401 3686 municipiorum
419 3604 705 3690 “¹¹5⁰.¹¹·,J·⁵¹²;‘⁰u⁶'⁰
724 3604 751 3657 0.
761 3603 847 3655 Sedere
867 3605 876 3654 l
893 3604 1028 3666 sociorum,
1047 3605 1120 3656 letini
1132 3621 1179 3657 no·

107 3671 911 3809 ttetdtttttdttttdilttthttdtt:
922 3671 1010 3793 tlt,
1020 3672 1180 3807 lltttti

106 3813 170 3878 post
185 3810 216 3861 31
237 3809 351 3861 lacerent
368 3809 430 3862 add.
448 3811 591 3861 Attamen
609 3810 683 3873 1513,
702 3823 753 3860 cnr.
770 3807 812 3869 Pl
825 3810 857 3861 ³3
876 3821 949 3860 essen
969 3810 993 3859 P

161 3907 238 3952 tratur
251 3907 279 3952 Π
1012 3895 1027 3944 2
