2734 4250
82 177 196 224 cctam
472 165 565 218 UBER
583 165 647 232 xxi,
665 170 706 221 55.
719 170 753 220 56
1102 167 1142 226 53

78 347 124 410 est,
145 356 283 417 quaeres
299 336 406 411 effecit,
430 345 463 398 ut
485 337 632 415 equitatus
647 337 800 398 Romanus
815 339 964 417 extemplo
977 350 1145 420 urgeretur.
1166 352 1182 400 t

78 442 136 483 nam
157 441 225 485 cum
249 422 299 483 uix
321 423 380 482 iam
402 439 456 500 per
478 440 510 482 se
536 421 711 484 resisterent
737 424 839 484 decem
865 423 985 485 milibus
1011 425 1143 503 equitum

77 516 208 586 quattuor
230 507 310 568 milia
332 514 364 567 et
384 505 452 568 lessi
474 507 597 585 integris
619 507 786 587 plerisque,
809 507 908 569 obruti
929 519 1000 570 sunt
1021 510 1145 591 insuper

77 593 149 654 uelut
171 591 253 655 nube
273 590 438 654 iaculorum
460 591 655 654 ebeharibus
677 593 821 654 coniecta.
858 594 893 654 ad
916 593 973 655 boe
995 595 1145 674 elephanti
1166 606 1181 654 t

45 687 57 736 5
74 678 235 740 eminentes
250 676 287 738 ab
311 677 449 739 extremis
464 676 616 751 cornibus,
638 677 723 757 equis
740 677 943 741 maximenon
966 679 1033 741 uisu
1055 680 1144 742 modo

74 764 118 824 sed
132 763 227 824 odore
242 761 362 825 insolito
377 761 497 839 territis,
515 763 613 842 lugam
629 762 687 824 late
702 762 858 824 iaciebant.
884 765 1029 844 pedestris
1044 783 1145 846 pugna
1166 773 1182 825 8

73 866 119 927 par
145 848 257 910 animis
283 847 376 926 magis
404 864 491 926 quam
520 845 635 909 uiribus
663 856 742 923 erat,
770 865 843 926 quas
869 849 998 911 recentis
1026 850 1145 912 Poenus

72 933 154 1012 paulo
183 942 255 994 ante
283 931 393 994 curatis
420 932 596 1011 corporibus
622 932 652 993 in
680 932 827 1013 proelium
856 934 1006 1008 attulerat;
1039 946 1144 996 contra

71 1018 163 1080 ieiuna
192 1020 329 1097 lassaque
358 1034 485 1097 corpora
507 1016 649 1079 Romanis
677 1027 708 1078 ct
733 1018 857 1098 rigentia
884 1019 952 1097 gelu
973 1019 1143 1100 torpebant.

29 1109 51 1160 u
69 1103 248 1166 restitissent
263 1112 360 1164 tamen
384 1103 499 1176 animis,
522 1101 547 1164 si
563 1120 632 1164 oum
648 1103 746 1183 pedite
760 1103 856 1165 solum
871 1103 950 1166 toret
963 1113 1143 1184 pugnatum

70 1188 118 1249 sed
140 1197 171 1250 et
186 1188 325 1250 Baleares
347 1187 434 1266 pulso
449 1187 548 1266 equite
570 1187 775 1249 iaculabantur
791 1188 821 1248 in
839 1188 929 1249 latera
945 1199 975 1250 et
996 1190 1144 1270 elephanti
1166 1198 1181 1248 9

69 1273 121 1334 iam
138 1275 169 1334 in
186 1273 313 1334 mediam
329 1272 460 1352 peditum
477 1273 569 1334 aciem
585 1291 649 1334 sese
665 1272 830 1335 intulerant
843 1282 873 1333 et
887 1274 972 1354 llago
987 1275 1144 1336 Numidae·

69 1377 133 1436 que,
148 1358 242 1421 simul
256 1357 383 1419 latebras
398 1375 501 1419 eorum
516 1357 674 1437 inprouida
688 1358 865 1438 praeterlata
881 1359 959 1420 acies
974 1368 1027 1431 est,
1050 1360 1143 1420 exorti

68 1444 102 1504 ab
119 1453 206 1523 tergo
221 1443 374 1523 ingentem
397 1442 556 1504 tumultum
572 1460 606 1503 ac
620 1451 764 1504 terrorem
788 1445 896 1505 iecere.
933 1452 1031 1504 minen
1055 1445 1084 1505 in
1101 1452 1146 1505 tot
1168 1452 1197 1503 tu

26 1535 48 1586 u
68 1527 329 1590 circumstantibus
343 1526 428 1588 malis
450 1527 558 1588 mansit
572 1527 750 1606 aliquamdiu
767 1528 888 1590 immota
909 1529 996 1603 acies,
1019 1530 1145 1590 maxime

68 1623 186 1692 praeter
207 1631 292 1692 spem
316 1613 449 1674 omnium
471 1613 614 1674 aduersus
635 1613 818 1693 elephantos.
860 1633 912 1676 eos
934 1614 1037 1675 uelites
1059 1615 1144 1675 adid
1168 1620 1196 1672 tt

69 1699 163 1776 ipsum
187 1698 277 1759 locati
301 1698 415 1759 uerutis
437 1697 578 1759 coniectis
600 1707 631 1758 et
658 1707 793 1760 auertere
823 1708 852 1759 et
875 1699 1002 1760 insecuti
1024 1717 1145 1761 auersos

67 1783 119 1846 sub
136 1783 251 1856 caudis,
267 1800 325 1861 qua
340 1799 474 1843 maxume
490 1781 571 1844 molli
584 1790 652 1844 oute
668 1783 792 1846 uulnera
807 1784 967 1865 accipiunt,
984 1784 1143 1846 fodiebant.

68 1868 306 1948 trepidantisque
328 1876 359 1929 et
378 1885 472 1948 prope
495 1867 551 1928 iam
574 1868 605 1929 in
621 1886 693 1930 suos
714 1877 919 1931 consternatos
932 1888 948 1930 e
963 1869 1059 1931 media
1080 1869 1143 1931 acie
1158 1873 1196 1929 dd

26 1959 47 2010 u
68 1954 96 2014 in
119 1963 286 2016 extremam
308 1954 345 2014 ad
365 1953 517 2014 sinistrum
541 1971 636 2014 cornu
651 1953 793 2015 aduersus
809 1954 907 2015 Gallos
928 1954 1083 2016 auxiliares
1098 1955 1145 2034 agi

69 2039 150 2102 iussit
165 2037 326 2100 llannibal.
364 2037 404 2099 ibi
419 2037 566 2117 extemplo
581 2037 653 2099 baut
671 2038 789 2100 dubiam
805 2040 902 2100 iecere
917 2039 1026 2119 lugam,
1049 2057 1145 2119 eoque

70 2143 166 2187 nouus
195 2134 297 2185 terror
325 2123 440 2185 additus
462 2123 619 2197 Romanis,
649 2132 682 2185 ut
708 2125 773 2186 lusa
794 2125 899 2186 auxilia
921 2144 974 2186 sua
996 2125 1145 2187 uiderunt.

70 2208 168 2289 itaque
184 2228 255 2271 cum
271 2209 329 2270 iam
352 2208 382 2269 in
407 2208 508 2270 orbem
524 2219 705 2289 pugnarent,
727 2211 832 2289 decem
846 2209 926 2271 milia
940 2211 1034 2271 lerme
1048 2210 1144 2271 homi·
1167 2220 1182 2269 2

71 2313 150 2369 num,
167 2312 238 2356 cum
253 2293 310 2355 alia
326 2292 452 2355 euadere
464 2294 648 2372 nequissent,
664 2294 759 2355 media
769 2294 909 2355 dirorum
921 2295 992 2369 acie,
1008 2312 1065 2372 qua
1077 2294 1145 2355 Gal-

26 2384 49 2435 at
68 2380 130 2442 licis
146 2379 265 2441 auxiliis
281 2380 393 2440 firmata
410 2386 483 2452 erat,
505 2396 573 2439 eum
589 2380 704 2457 ingenti
720 2380 809 2440 caede
831 2378 958 2440 hostium
982 2397 1147 2459 perrupere

69 2474 104 2541 et,
127 2482 198 2526 cum
216 2481 316 2543 neque
332 2463 362 2524 in
378 2472 471 2525 castra
487 2462 599 2525 reditus
619 2473 697 2525 esset
711 2463 833 2525 llumine
856 2464 1026 2525 interclusis
1049 2481 1146 2542 neque
1169 2472 1183 2521 3

68 2568 135 2627 prae
164 2548 258 2611 imbri
287 2549 356 2610 satis
386 2548 548 2619 decernere
575 2552 715 2628 possent,
743 2567 802 2627 qua
826 2549 888 2610 suis
913 2567 1000 2627 opem
1023 2549 1145 2619 ferrent,

69 2634 251 2696 Placentiam
273 2642 356 2693 reete
386 2633 492 2694 itinere
520 2651 688 2712 perrexere.
733 2634 835 2713 plures
856 2634 963 2695 deinde
990 2634 1020 2694 in
1045 2641 1185 2693 enrnest

67 2729 166 2797 partes
190 2719 367 2798 eruptiones
389 2720 498 2793 lactae;
521 2725 548 2777 et
572 2719 623 2797 qui
638 2719 748 2779 llumen
765 2719 886 2797 petiere,
907 2728 959 2780 aut
979 2717 1147 2799 gurgitibus

27 2804 216 2884 uabsnmpti
239 2811 312 2865 sunt
332 2812 383 2864 aut
405 2803 482 2864 inter
504 2802 726 2865 cunctationem
745 2803 931 2881 ingrediendi
954 2802 989 2863 ab
1013 2803 1147 2865 hostibus

69 2889 218 2969 oppressi3
242 2887 294 2968 qui
317 2888 424 2967 passim
449 2906 502 2967 per
524 2906 611 2967 agros
625 2890 701 2967 luga
724 2888 820 2967 sparsi
840 2897 934 2961 erant,
956 2888 1003 2949 alii
1026 2888 1148 2967 uestigia
1169 2897 1184 2945 5

70 3089 106 3141 uis
124 3094 255 3141 armatura
275 3093 315 3138 est
327 3084 480 3148 Alschefski
497 3092 523 3137 et
540 3086 651 3153 Madvig
678 3087 745 3140 leuis
760 3091 902 3140 armaturae
920 3090 981 3140 sunt
996 3086 1066 3156 ΡΜ
1086 3086 1148 3140 elle·

70 3158 102 3209 cit
121 3164 141 3221 ς
169 3156 255 3219 eflicit
274 3154 343 3221 Ρ112
361 3153 451 3206 millib.
471 3154 586 3221 equitum
604 3170 618 3207 e
638 3160 760 3225 quattuor
776 3156 855 3207 millia
872 3154 942 3223 Plll
959 3155 1089 3207 balaribus
1107 3154 1148 3223 Pll

69 3225 100 3274 ab
118 3226 170 3277 boc
188 3222 261 3290 Plll
281 3236 345 3289 quas
362 3226 383 3288 ς
408 3238 485 3289 quem
501 3222 543 3290 Pll
557 3224 589 3275 tt
607 3223 778 3286 intulerant&
805 3222 916 3275 tulerant
928 3221 968 3290 ΡΙΙ
985 3228 1015 3276 15
1033 3223 1149 3290 eliquan-

69 3292 108 3345 din
127 3295 151 3345 P
167 3293 179 3359 ll
200 3294 232 3344 16
251 3290 384 3357 elepantos
402 3293 426 3342 P
439 3289 450 3357 Ι
465 3290 559 3343 uelites
575 3290 608 3341 ΡΙ
635 3290 735 3357 pedites
752 3291 814 3410 Pp
827 3289 853 3343 id
864 3283 897 3355 “ς,
916 3307 966 3342 om.
986 3291 1028 3357 ΡΙΙ
1042 3294 1072 3343 tt
1093 3304 1148 3341 uer-

70 3362 131 3412 rutis
150 3362 176 3411 P
209 3358 345 3411 aduertere
363 3357 523 3425 Plauersus
539 3356 582 3426 ΡΙΙ
598 3361 628 3412 19
650 3363 676 3411 el
693 3373 774 3427 prope
814 3364 857 3410 oet
880 3360 907 3409 in
926 3372 1005 3424 prope
1023 3360 1047 3409 P
1069 3371 1148 3425 prope

71 3436 88 3491 ς
114 3428 182 3495 trepi
202 3428 271 3479 antis
290 3440 422 3493 propeque
438 3427 489 3478 iam
505 3431 525 3490 ς
541 3426 684 3478 Arcenam
702 3427 770 3480 1513
795 3426 968 3493 trepidantes,
989 3426 1052 3492 quin
1069 3440 1149 3493 prope

71 3499 117 3547 iam
136 3496 352 3549 Forelthammer
363 3494 401 3561 lle
420 3494 511 3561 Grau,
529 3509 580 3547 em.
598 3496 622 3545 P
634 3494 694 3613 im
712 3494 817 3547 sinistris
836 3494 869 3545 Ρ
894 3493 1010 3545 minislni
1027 3494 1059 3544 Ρ1
1072 3493 1082 3560 ll
1095 3509 1150 3545 cor-

72 3580 129 3615 uum
148 3563 201 3629 ΡΙ
220 3566 252 3618 21
271 3560 392 3613 hannibal
411 3562 445 3613 ibi
467 3562 610 3615 Weisrmd.
657 3562 769 3614 annibali
787 3560 828 3630 Pl
848 3565 892 3614 eut
910 3562 952 3629 ΡΙΙ
964 3576 1047 3628 eoque
1065 3577 1149 3614 nouus

76 3630 219 3683 desum.
246 3644 350 3698 quoque
362 3630 480 3682 uouusP
503 3644 586 3682 nouus
599 3644 701 3697 quoque
714 3635 734 3695 ς
758 3646 810 3696 qno
828 3645 911 3681 nouus
922 3629 1029 3695 Frigell
1054 3644 1150 3682 nouus-

89 3715 119 3751 ue
138 3698 252 3764 iladvig
271 3698 330 3750 Em.
348 3697 408 3749 Liu.
426 3696 477 3749 279
495 3697 505 3765 l
524 3700 556 3752 23
580 3697 659 3750 millia
680 3699 725 3766 ΡΗ
746 3699 779 3749 24
800 3696 849 3748 alia
871 3698 957 3750 Aldus
979 3696 1023 3747 alii
1041 3698 1065 3748 P
1087 3696 1149 3747 alibi

103 3768 246 3833 'elambi
267 3781 317 3832 qua
336 3766 375 3818 ed.
394 3765 484 3817 Venet.
504 3764 570 3818 1495
598 3780 663 3833 quae
680 3768 705 3817 P
721 3767 731 3832 Ι
747 3766 780 3817 26
798 3779 897 3831 nequae
933 3779 976 3815 rae
995 3764 1036 3829 ΡΙΙ
1049 3766 1080 3815 tt
1099 3778 1149 3829 qua

76 3836 161 3901 tuis&
189 3834 279 3887 suauis
298 3834 385 3901 Plau
403 3833 531 3901 adsumpti
551 3832 636 3901 ellat
656 3833 700 3885 alti
718 3832 887 3884 addietum.
929 3834 966 3883 lu.
979 3830 1042 3893 114,
1062 3846 1111 3881 om.
1131 3830 1154 3877 P
