2734 4250
99 167 117 198 a.
127 157 175 202 cnr,
185 161 220 202 215
492 142 586 195 traua
602 143 698 209 tillut,
716 145 767 196 31
1105 145 1164 203 191

97 315 165 395 perii
187 325 271 376 esset.
317 315 403 375 aliam
424 315 530 376 deinde
553 315 670 377 inilatus
693 315 947 377 adsentationibus
969 335 1087 390 eorum,
1117 319 1205 394 quit

98 418 160 460 curn
183 419 242 460 non
260 400 399 461 Hieronis
421 409 535 460 mutum
558 409 603 461 set
618 400 721 480 Pyrrhi
744 401 830 462 etiam
853 402 940 480 regis,
963 403 1166 476 materniani,

98 484 233 545 iubebant
253 485 432 558 meminisse,
455 484 631 564 legationem
655 486 743 558 misit,
765 504 823 565 qua
845 504 949 548 aecum
963 485 1105 548 censebat
1119 487 1166 548 Si·

98 571 157 630 cilia
179 570 234 630 sibi
250 571 332 631 omni
356 570 429 642 cedi,
452 570 552 632 ltaliae
575 570 731 650 imperinm
749 571 904 650 proprium
928 574 1029 650 quaeri
1045 571 1166 632 Cartba-

67 655 217 733 tginiensi
240 656 361 735 populo.
403 656 480 716 banc
506 655 655 716 leuitatem
684 675 718 716 ac
741 656 928 717 iactationem
951 657 1040 717 animi
1069 666 1204 735 nequet)

97 739 275 800 mirabantur
289 741 318 801 in
336 741 445 801 iuuene
460 740 571 802 furioso
591 759 689 819 neque
711 741 884 820 arguebant,
907 741 1065 802 dnmmodo
1081 760 1167 803 auer-

96 833 189 885 terent
211 843 278 886 enm
303 824 340 885 ab
365 825 513 886 Romanis.

177 909 231 970 Set
252 911 350 970 omnia
373 910 403 970 in
420 929 455 969 eo
472 909 642 989 praecipitia
661 911 695 970 ad
713 910 833 970 exitium
848 911 978 971 inerunt.
1015 930 1083 971 nam
1098 929 1165 972 cum
1185 919 1201 972 1

98 994 261 1073 praemissis
276 994 456 1074 Hippocrate
471 1004 558 1074 atque
576 994 704 1075 Epicyde
725 1013 791 1055 cum
808 995 885 1055 binis
901 995 1019 1057 milibus
1039 1005 1167 1056 armato-

58 1088 79 1138 tt
97 1097 156 1138 rum
171 1081 206 1139 ad
231 1079 416 1158 temptandas
439 1079 538 1152 nrbes,
562 1097 637 1157 quae
653 1080 806 1158 praesidiis
824 1078 1004 1140 tenebantur
1017 1080 1167 1155 Romanis,

97 1164 199 1244 etipse
223 1164 253 1223 in
271 1164 434 1225 Leontinos
456 1183 524 1224 cum
547 1174 647 1225 cetero
663 1164 745 1224 omni
761 1165 892 1224 exercitu
907 1174 1050 1225 -erant
1071 1174 1167 1226 antem
1190 1177 1206 1227 t

98 1249 129 1309 ad
151 1248 321 1327 quindecim
345 1249 423 1308 milia
450 1248 580 1329 peditum
610 1249 802 1327 equitumque
831 1283 873 1293 -
899 1250 1052 1329 proiectus
1081 1259 1167 1323 esset,

97 1332 199 1394 liberas
221 1333 303 1395 aedis
326 1335 471 1394 coniurati
492 1367 534 1378 -·
555 1343 585 1395 et
607 1351 711 1395 omnes
733 1334 808 1394 sorte
830 1332 996 1395 militabant
1009 1369 1051 1380 —
1073 1335 1206 1395 immi-3

100 1427 199 1480 nentes
221 1419 288 1478 uiae
311 1428 468 1495 angustae,
498 1437 555 1498 qua
578 1417 759 1480 descendere
787 1419 821 1479 ad
846 1419 943 1479 lorum
972 1437 1023 1479 rex
1045 1418 1167 1492 solebat,

11 1517 12 1520 ¹
57 1509 79 1559 11
96 1513 294 1583 sumpserunt.
336 1503 467 1564 ibicum
490 1503 626 1564 instructi
648 1503 810 1582 armatique
834 1503 925 1564 ceteri
941 1503 1096 1564 transitum
1119 1517 1207 1566 err-t

11 1589 13 1668 ᾗ
99 1597 245 1666 pectantes
260 1597 383 1660 starent,
407 1589 457 1648 uni
474 1607 509 1648 ex
528 1589 571 1649 eis
593 1621 634 1632 -
650 1589 808 1651 Dinomeni
823 1589 879 1648 suit
894 1607 1003 1648 nomen
1028 1623 1077 1662 -,
1100 1589 1169 1667 quia

11 1717 12 1744 ,
99 1682 192 1734 custos
207 1673 345 1752 corporis
360 1682 431 1744 erat,
454 1681 551 1753 partes
566 1673 649 1734 datae
667 1683 747 1747 sunt,
769 1683 812 1747 ct,
835 1691 901 1735 cnm
917 1673 1170 1754 adpropinquaret

11 1789 12 1838 q
99 1757 198 1819 ianuae
214 1776 278 1830 rex,
302 1776 355 1837 per
369 1776 486 1820 causam
502 1758 628 1836 aliquam
646 1759 676 1819 in
692 1758 836 1838 angustiis
857 1758 1018 1819 sustineret
1032 1757 1068 1818 ab
1084 1767 1168 1837 tergo

11 1839 13 1941 p
99 1860 209 1921 agmen.
248 1843 297 1916 ita,
322 1853 355 1903 ut
376 1851 569 1917 conuenerat,
592 1845 702 1904 iactum
724 1853 778 1904 est.
814 1852 963 1922 tamquam
978 1843 1089 1904 laxaret
1110 1844 1206 1904 ela-5

57 1933 80 1984 11
98 1936 154 1988 tum
177 1929 284 2007 pedem
308 1927 344 1988 ab
366 1928 468 1989 stricto
492 1929 580 2000 nodo,
608 1936 739 1989 moratus
760 1927 886 2006 turbam
900 1928 1080 1990 Dinomenes
1101 1938 1167 1988 tan-

11 2081 13 2092 y
99 2021 155 2073 tum
178 2012 330 2074 interualli
358 2013 443 2086 iecit,
473 2023 522 2087 nt,
551 2031 619 2073 cnm
642 2015 672 2074 in
695 2022 933 2093 praetereuntem
965 2013 1030 2074 sine
1052 2014 1170 2074 armatis

11 2095 13 2145 i
98 2113 193 2177 regem
217 2099 348 2177 impetus
369 2099 469 2171 lieret,
499 2099 710 2160 confoderetur
736 2098 849 2177 aliquot
870 2098 955 2178 prins
982 2097 1168 2173 uulneribus,

98 2202 180 2261 quam
203 2184 342 2246 succurri
365 2192 474 2261 posset.
513 2184 641 2244 clamore
663 2192 693 2244 et
713 2183 842 2244 tumultu
863 2183 962 2242 audito
983 2183 1013 2244 in
1031 2182 1169 2244 Dinome-
1192 2192 1209 2241 6

99 2286 162 2329 nem
177 2270 234 2330 iam
253 2269 325 2328 baut
339 2268 427 2329 dubie
443 2266 609 2329 obstantem
624 2268 681 2328 tela
693 2268 871 2340 coiciuntur,
886 2267 965 2327 inter
979 2286 1055 2346 qnae
1070 2276 1168 2327 tamen

57 2356 80 2408 11
97 2353 208 2415 duobus
231 2353 362 2433 acceptis
377 2351 552 2415 uulneribus
567 2353 669 2414 euasit.
707 2355 775 2433 luga
789 2352 956 2423 satellitum,
980 2362 1012 2411 nt
1026 2352 1171 2412 iacentem
1192 2362 1207 2412 1

97 2439 195 2501 nidere
215 2454 329 2515 regem,
353 2439 427 2498 lacta
450 2447 503 2499 est.
540 2439 748 2499 interfectores
762 2456 831 2517 pars
853 2438 883 2498 in
899 2439 999 2496 iorum
1014 2436 1050 2497 ad
1071 2435 1170 2496 multi-

98 2526 225 2586 tudinem
251 2524 357 2583 laetam
380 2522 523 2597 libertate,
545 2542 614 2603 pars
629 2524 789 2602 Syracusas
807 2530 937 2602 pergunt
950 2522 986 2581 ad
1008 2538 1170 2601 praeoccu-

98 2610 188 2686 panda
204 2608 394 2670 Adranodori
409 2609 618 2687 regiorumque
634 2609 760 2669 aliorum
776 2607 908 2668 consilia.
942 2607 1056 2667 incerto
1071 2624 1171 2666 rerum
1193 2615 1210 2665 s

97 2702 168 2756 statu
190 2696 248 2774 Ap.
270 2692 408 2755 Claudius
430 2693 539 2754 bellum
561 2694 662 2755 oriens
684 2712 721 2754 ex
741 2693 912 2772 propinquo
935 2710 1002 2752 cum
1025 2700 1170 2764 cerneret,

56 2784 227 2840 atsenatum
254 2777 360 2838 litteris
382 2777 538 2839 certiorem
561 2779 631 2839 iecit
654 2777 782 2839 Siciliam
803 2776 1038 2855 Carthaginiensi
1058 2775 1170 2855 populo

98 2872 125 2923 et
146 2862 307 2925 llannibali
330 2862 497 2937 conciliari,
527 2864 591 2943 ipse
614 2864 756 2925 aduersus
778 2862 962 2943 Syracusana
993 2861 1114 2922 consilia
1136 2859 1172 2920 ad
1192 2869 1209 2919 9

98 2950 270 3027 prouinciae
292 2948 437 3026 regnique
461 2948 535 3010 fines
558 2948 655 3009 omnia
678 2947 828 3009 conuertit
848 2945 1002 3026 praesidia.

178 3136 194 3185 1
212 3130 284 3184 cedit
297 3130 339 3197 Pl
352 3132 368 3182 6
383 3130 539 3181 mirabuntur
551 3130 591 3196 1²¹,
609 3146 679 3182 corr.
694 3130 725 3181 Pi
736 3130 746 3197 1
758 3128 896 3182 dnmmodo
909 3127 943 3179 P’
968 3127 1106 3179 domdomo
1119 3127 1171 3195 P¹i

99 3199 113 3249 3
129 3200 261 3267 praecipiti
281 3199 306 3249 P
320 3198 330 3264 ΙΙ
347 3202 362 3251 a
380 3199 513 3262 praemissi
531 3198 578 3263 Pl
594 3197 698 3249 milibus
715 3214 769 3250 ros.
788 3214 823 3248 σω
839 3197 964 3248 militibus
982 3196 1030 3260 ΡΙ
1048 3198 1076 3257 11
1097 3203 1171 3246 erant

99 3282 129 3317 ee
144 3274 197 3319 erat
216 3266 320 3333 P¹l1²
338 3270 372 3317 ἢ
390 3266 458 3316 milia
478 3266 519 3331 Pl
531 3271 600 3317 esset
618 3269 637 3330 ς
663 3268 718 3315 erat
735 3265 777 3332 Pp
791 3268 822 3318 13
840 3264 979 3315 coniuratis
997 3263 1037 3328 ΡΙ
1052 3265 1082 3314 15
1100 3276 1171 3313 snm·

99 3340 180 3386 serunt
191 3338 215 3387 P
234 3335 244 3402 l
266 3336 298 3385 cin
316 3336 344 3397 P,
361 3332 427 3394 sort.
445 3333 503 3385 dnm
522 3331 558 3393 cs.
573 3333 717 3386 Weissenb.
735 3334 797 3384 odo.
812 3338 839 3382 et
849 3333 891 3397 31,
901 3332 969 3393 36,6
988 3329 998 3395 [1
1020 3330 1172 3391 instructis

100 3404 181 3453 structi
201 3406 224 3455 P
241 3401 252 3470 fl
270 3404 300 3454 to
319 3402 362 3452 nni
379 3418 434 3451 rae.
452 3418 486 3452 ec
504 3400 557 3452 uini
576 3400 760 3467 Pldinomini
779 3401 812 3452 P¹
838 3399 954 3450 indimini
973 3397 1015 3462 1²²,
1034 3399 1102 3449 duca
1119 3398 1173 3448 1111.

100 3474 156 3520 onte
173 3487 197 3522 m
214 3472 416 3536 superscriptae
432 3484 504 3519 nunc
521 3485 613 3520 erasos
629 3473 694 3518 erant
711 3467 722 3534 ΙΙ
737 3472 766 3521 m
785 3468 860 3520 datae
877 3471 897 3532 ς
922 3467 1014 3518 doctae
1030 3465 1073 3533 ΡΙΙ
1088 3466 1119 3517 18
1137 3466 1173 3516 ia·
1250 3495 1257 3508 ι

101 3550 160 3588 noae
177 3541 200 3591 P
226 3539 278 3589 iam
297 3538 354 3588 uiae
373 3536 488 3588 11111111
505 3536 599 3588 ΡΙιὶἱοὶ.
614 3537 646 3588 10
659 3536 753 3600 (1855)
767 3537 817 3588 150
837 3536 847 3602 l
870 3536 986 3601 augustis
1003 3535 1050 3599 ri
1072 3536 1104 3587 13
1121 3534 1175 3585 ela·

102 3606 148 3655 tom
171 3611 192 3669 ς
226 3606 310 3657 latum
335 3605 385 3671 Pi
408 3607 441 3656 20
465 3605 555 3656 tnrban
578 3606 602 3655 Ρ
622 3602 632 3672 q
653 3607 686 3656 23
709 3604 816 3672 aliquod
840 3606 864 3655 Ρ
882 3605 892 3669 l
912 3605 945 3656 33
967 3602 1097 3654 dinomine
1122 3598 1174 3668 ΡΙ

102 3672 194 3725 iliam
215 3674 296 3726 Vallo
327 3678 379 3723 iam
397 3670 444 3739 Pil
461 3671 520 3723 dnbi
540 3674 563 3724 P
581 3675 590 3738 l
610 3673 677 3724 inter
695 3676 799 3739 quaeq
826 3671 973 3739 ioquePl
995 3673 1027 3723 33
1045 3669 1116 3733 ad&
1145 3670 1171 3720 in

101 3738 122 3817 P
137 3740 146 3805 1
166 3744 200 3859 22
215 3740 387 3793 andranadori
405 3742 428 3791 P
446 3739 455 3807 l
476 3742 509 3791 39
527 3744 579 3807 etp.
597 3741 644 3808 Pl
662 3743 694 3794 31
713 3741 746 3792 ad
763 3741 911 3806 prouinciae
928 3740 1042 3804 Pighius
1067 3736 1173 3803 prouin-

102 3820 161 3859 uani
