2734 4250
121 179 140 210 a.
151 168 201 211 cnr.
212 169 251 212 ma
510 151 604 206 HBER
620 151 686 219 lllll,
705 155 746 206 23.
759 155 792 205 21
1152 150 1191 209 21

118 332 200 402 getes
223 323 292 385 inde
308 324 526 405 Bargusiosque
541 334 570 386 et
584 326 749 387 Ausetanos
764 333 794 384 et
805 324 1002 399 Lacetaniam,
1026 343 1101 404 quae
1122 325 1193 387 sub·

118 411 192 471 iecta
208 409 370 490 Pyrenaeis
391 409 543 472 montibus
565 419 619 485 est,
641 409 757 490 subegit
772 427 901 488 oraeque
919 410 989 471 huic
1003 410 1085 470 omni
1107 427 1192 490 prae·

118 494 187 556 lecit
208 493 400 568 Hannonem,
422 502 456 556 ut
476 496 585 570 lauces,
609 513 684 574 quae
707 494 864 575 Hispanias
879 493 978 556 Galliis
999 495 1137 574 iungunt,
1159 495 1190 556 in

117 587 265 658 potestate
287 589 396 642 essent.
433 579 535 641 decem
550 580 629 641 milia
651 580 783 660 peditum
799 579 939 641 Hannoni
955 579 991 640 ad
1014 580 1193 658 praesidium
1214 590 1229 638 a

82 679 95 728 5
118 664 299 726 obtinendae
316 665 447 746 regionis
462 664 527 725 data
549 675 579 726 et
600 664 679 726 mille
695 665 818 744 equites.
852 673 1009 745 postquam
1032 683 1086 745 per
1101 664 1191 746 Pyre·
1214 677 1228 724 1

116 767 227 810 naeum
248 749 354 811 saltum
376 749 489 812 traduci
505 750 651 811 exercitus
666 760 712 811 est
725 757 849 830 coeptus
863 768 1025 828 rumorque
1047 768 1102 830 per
1122 751 1191 810 bar·

116 833 205 896 beros
227 835 359 896 manauit
380 835 490 897 certior
511 835 549 896 de
570 834 649 896 bello
665 835 809 909 Romano,
832 835 888 895 tria
902 835 980 895 milia
996 834 1066 896 inde
1081 834 1190 916 Carpe-

115 929 255 980 tanorum
282 919 416 999 peditum
444 921 501 981 iter
529 928 713 982 auerterunt.
756 919 912 981 constabat
936 939 999 980 non
1026 929 1086 981 tam
1112 920 1190 982 bello

115 1015 214 1066 motos
229 1022 316 1082 quam
332 1004 548 1085 longinquitate
569 1005 634 1065 uiae
650 1004 938 1084 inexsuperabilique
953 1005 1071 1085 Alpium
1093 1014 1190 1067 trans-

65 1105 92 1154 tu
113 1091 168 1151 itu.
206 1089 364 1164 Hannibal,
387 1090 455 1168 quia
476 1107 620 1151 reuocare
642 1099 694 1151 aut
713 1091 744 1151 ui
759 1090 889 1151 retinere
911 1109 963 1152 eos
985 1108 1095 1170 anceps
1117 1100 1189 1162 erat,
1213 1099 1229 1148 5

116 1193 155 1235 ne
177 1183 347 1236 ceterorum
369 1175 457 1236 etiam
479 1174 595 1236 leroces
617 1174 707 1236 animi
729 1175 938 1249 inniterentur,
967 1193 1056 1255 supra
1076 1184 1189 1255 septem
1211 1183 1227 1233 o

114 1259 194 1320 milia
223 1259 380 1320 hominum
408 1258 513 1321 domos
534 1259 661 1333 remisit,
693 1279 769 1339 quos
790 1269 820 1321 et
845 1261 925 1340 ipsos
947 1260 1065 1338 grauari
1087 1261 1189 1322 militia

114 1353 264 1419 senserat,
294 1344 474 1425 Carpetanos
496 1363 616 1424 quoque
643 1344 680 1406 ab
703 1364 735 1407 se
756 1345 893 1406 dimissos
916 1344 1067 1406 simulans.
1110 1346 1189 1417 inde,
1203 1347 1242 1404 21

115 1448 154 1490 ne
176 1447 259 1490 mora
281 1437 370 1509 atque
393 1430 485 1491 otium
508 1430 623 1491 animos
644 1430 829 1504 soHicitaret,
860 1447 927 1490 cum
954 1429 1075 1508 reliquis
1097 1430 1191 1510 copiis

58 1529 91 1579 15
114 1513 301 1592 Pyrenaeum
328 1515 543 1594 transgreditur
571 1524 602 1576 et
626 1516 661 1575 ad
685 1515 828 1596 oppidum
851 1513 965 1575 lliberri
988 1523 1082 1576 castra
1104 1513 1191 1576 locat.

115 1599 189 1660 Galli
214 1617 391 1678 quamquam
414 1599 513 1662 ltaliae
535 1599 646 1661 bellum
669 1599 772 1661 inferri
794 1598 966 1674 audiebant,
990 1608 1099 1672 umen,
1122 1600 1190 1678 quia
1212 1607 1227 1659 2

114 1684 144 1745 ui
167 1682 307 1746 subactos
328 1694 411 1746 trans
433 1685 617 1765 Pyrenaeum
633 1685 781 1764 Hispanos
802 1686 878 1745 tama
900 1693 964 1746 erat
985 1685 1189 1764 praesidiaque

114 1768 211 1830 ualida
233 1768 375 1849 inposita,
402 1778 482 1830 metu
503 1770 656 1832 seruitutis
677 1771 714 1831 ad
736 1788 816 1831 arma
837 1769 1019 1832 consternati
1041 1770 1189 1832 Ruscino·

112 1872 184 1915 nem
207 1854 319 1932 aliquot
332 1854 436 1935 populi
451 1856 647 1917 conueniunt.
684 1854 765 1933 quod
781 1854 831 1916 ubi
847 1854 1005 1916 Hannibali
1021 1855 1187 1916 nuntiatum
1211 1861 1226 1912 a

53 1954 88 2003 20
111 1949 173 2011 est,
203 1957 316 1999 moram
343 1939 436 2020 magis
458 1959 546 2019 quam
568 1940 678 2001 bellum
701 1948 837 2000 metuens
858 1948 990 2001 oratores
1012 1940 1047 2000 ad
1069 1940 1189 2020 regulos

111 2041 217 2085 eorum
240 2023 337 2098 misit,
363 2025 504 2103 conloqui
525 2033 619 2086 semet
639 2025 738 2105 ipsum
759 2042 826 2087 cum
849 2025 885 2086 iis
906 2025 999 2098 uelle,
1026 2035 1056 2086 et
1078 2025 1126 2086 uel
1147 2024 1189 2085 illi

110 2109 239 2190 propius
260 2107 407 2171 lliberrim
428 2110 613 2186 accederent,
636 2109 684 2173 uel
699 2130 730 2172 se
744 2108 946 2173 lluscinonem
968 2128 1187 2190 processurum,

109 2204 144 2255 ut
167 2214 203 2256 ex
225 2195 398 2275 propinquo
414 2214 591 2273 congressus
613 2196 727 2257 facilior
740 2204 831 2257 esset:
855 2213 922 2255 nam
946 2205 976 2257 et
997 2204 1187 2276 accepturum
1210 2203 1226 2252 1

110 2298 166 2341 eos
188 2280 218 2341 in
242 2288 338 2342 castra
360 2298 413 2341 sua
435 2298 467 2341 se
488 2280 597 2343 laetum
621 2299 677 2342 nec
705 2289 882 2341 cunctanter
906 2300 938 2341 se
959 2280 1056 2359 ipsum
1078 2280 1114 2340 ad
1137 2300 1188 2341 eos

52 2378 86 2429 25
108 2373 284 2426 uenturum.
321 2365 468 2445 hospitem
491 2366 570 2427 enim
593 2384 624 2427 se
648 2365 772 2440 Galliae,
800 2384 862 2426 non
885 2364 1000 2426 hostem
1023 2364 1187 2438 aduenisse,

110 2467 169 2510 nec
195 2450 371 2511 stricturum
402 2458 470 2511 ante
492 2450 638 2530 gladium,
667 2450 693 2513 si
722 2469 776 2530 per
797 2449 895 2510 Gallos
917 2448 1018 2523 liceat,
1046 2468 1134 2528 quam
1155 2450 1186 2510 in

109 2534 224 2597 ltaliam
248 2534 389 2597 uenisset.
426 2542 456 2595 et
476 2554 532 2615 per
554 2536 675 2597 nuntios
691 2536 811 2613 quidem
832 2534 922 2608 baec;
944 2543 978 2595 ut
998 2551 1071 2595 uero
1093 2534 1187 2613 reguli
1210 2543 1225 2593 5

109 2619 264 2681 Gallorum
286 2620 390 2681 castris
411 2619 447 2679 ad
462 2619 607 2681 lliberrim
631 2620 779 2700 extemplo
800 2620 888 2682 motis
909 2619 987 2680 baud
1009 2628 1130 2699 manate
1152 2619 1188 2678 ad

110 2704 247 2767 Poenum
271 2712 435 2779 uenerunt,
458 2706 536 2785 capti
558 2706 643 2767 donis
665 2724 734 2767 cum
755 2705 835 2765 bona
857 2723 929 2785 pace
951 2704 1111 2766 exercitum
1133 2722 1189 2784 per

51 2802 85 2852 u)
108 2789 180 2852 finb
202 2808 274 2852 suos
296 2798 414 2869 praeter
435 2789 637 2852 llusoinonem
660 2790 801 2871 oppidum
824 2790 1062 2851 transmiserunt.

201 3008 212 3057 1
232 3006 420 3073 bargusiosque
432 3007 472 3058 ed.
484 3006 556 3073 Meg.
574 3006 749 3127 bargutosppue
762 3006 826 3060 ΟΜ
835 2967 1030 3074 barguntosque
1049 3007 1080 3058 θ’
1092 3006 1102 3073 ΙΙ
1114 3022 1188 3059 ause-

107 3082 186 3127 tanos
199 3073 261 3126 011
273 3080 326 3126 ¹aut
343 3081 448 3127 seunos
462 3074 492 3127 0¹
504 3075 514 3143 ΙΙ
528 3074 680 3127 lacetaniam
719 3079 835 3140 igonim,
853 3074 890 3136 cs.
907 3076 1050 3127 Mommsen
1068 3074 1156 3125 Herm.
1175 3074 1191 3125 1

104 3144 207 3208 3394
220 3142 353 3209 aquitanii
363 3142 426 3194 G³M
441 3142 577 3210 aquitanos
588 3144 619 3195 θ’
640 3144 791 3195 iacetaniam
802 3144 927 3195 Haedum·
938 3144 1026 3195 Herm.
1037 3142 1110 3194 1337
1115 3158 1144 3207 sq
1164 3141 1189 3208 ,Ι

106 3210 228 3263 subiecta
247 3209 279 3260 l!
292 3214 319 3261 et
335 3226 371 3261 ee
388 3210 505 3262 subiecta
521 3210 591 3291 0112
609 3211 713 3277 subegit
726 3211 786 3263 CM’
802 3212 906 3277 subegit
923 3211 963 3261 Μ’
975 3212 1014 3279 [15
1033 3158 1188 3277 optinendae

106 3279 141 3330 l!
148 3277 159 3347 Ι
172 3277 287 3344 regionis
305 3278 364 3330 data
384 3278 447 3330 (ΡΜ
459 3278 559 3344 regioni
577 3278 636 3330 date
654 3278 706 3343 0¹l
721 3281 737 3331 6
754 3294 891 3347 romorque
904 3279 972 3346 0118
991 3282 1129 3331 auertuunt
1145 3278 1190 3329 uel

105 3346 254 3399 auertitunt
273 3344 312 3410 0¹,
336 3362 407 3397 corr.
427 3346 459 3398 0³
471 3346 510 3413 li
532 3346 782 3415 inexsuperabilique
802 3346 941 3410 Woelfflin
970 3346 1189 3413 insuperabilique

106 3414 159 3466 erl
197 3416 229 3465 lt)
247 3413 358 3466 retinere
376 3414 436 3467 CH⁸
459 3420 498 3467 ret
517 3429 609 3467 uenere
628 3414 665 3466 Μ’
680 3415 691 3482 l
705 3418 737 3468 12
754 3416 826 3481 ipsos
843 3414 964 3466 Muretus
987 3415 1043 3481 ipse
1063 3414 1115 3466 CM
1130 3414 1188 3481 ipsa

107 3482 141 3535 G.
179 3482 293 3547 bragar
305 3482 399 3534 Paitoi
410 3482 445 3535 34
458 3482 550 3547 (1876)
564 3482 615 3535 758
622 3500 661 3549 aq.
674 3482 685 3563 p
697 3483 826 3535 miliciaC
845 3483 937 3534 militia
954 3499 1008 3534 rna.
1025 3498 1061 3533 ear
1082 3483 1187 3534 militias

105 3548 158 3618 111
175 3553 208 3602 lb
225 3550 322 3602 iliberri
341 3549 406 3602 vul
422 3549 507 3602 iliberi
526 3550 558 3602 θ’
580 3550 712 3603 illiberrrm
731 3554 750 3616 ς
760 3552 770 3614 l
787 3554 817 3604 ld
835 3548 963 3603 audebant
979 3550 1019 3614 0¹,
1040 3566 1110 3602 eurr.
1130 3550 1161 3601 (Ρ

107 3622 140 3671 17
161 3617 189 3669 ui
209 3617 341 3669 deeras.
361 3634 395 3669 ee
418 3618 457 3670 uie
469 3618 500 3669 M
507 3616 518 3687 d
533 3620 564 3671 18
582 3619 745 3671 ruscinomen
757 3618 805 3682 Μ’,
823 3634 893 3671 corr.
910 3617 973 3684 ΜἸ
988 3622 1019 3671 19
1038 3618 1138 3685 aliquot

104 3684 218 3753 aliquod
231 3684 312 3755 gaggp
326 3688 356 3739 21
371 3686 466 3750 11011,
484 3701 535 3738 om.
550 3684 591 3753 ςΙΙ
605 3686 642 3738 illi
656 3687 716 3739 0111Ι
732 3686 750 3737 li
764 3685 1024 3785 ltl¹122propius0
1039 3691 1065 3736 et
1080 3702 1135 3736 roe.
1153 3701 1188 3734 ere

105 3752 230 3821 proprius
248 3753 278 3803 M
309 3753 450 3806 inliberrim
464 3754 485 3805 C
499 3752 655 3807 inliberarim
667 3756 708 3807 M¹
728 3754 834 3806 illiberri
852 3754 879 3804 dl
905 3756 958 3816 uae
976 3756 1114 3820 grauate&
1131 3766 1188 3817 gra·

106 3826 203 3874 nanter
222 3820 272 3873 CM
304 3824 337 3875 30
355 3819 415 3874 finis
435 3822 497 3875 Cet
514 3838 549 3873 ea
571 3820 637 3876 fines
655 3824 695 3874 Mt
707 3822 718 3891 Ι
730 3822 893 3876 ruscinomen
910 3821 958 3887 M¹,
976 3836 1048 3872 corr.
1065 3816 1107 3869 w
