2734 4250
82 156 213 199 gemm
481 140 577 194 LIBER
594 141 680 207 XXIII,
698 147 722 197 9.
737 147 768 198 tu
1103 146 1161 206 137

84 321 212 392 torquet,
233 300 354 390 recipe?
394 311 467 372 baec
482 330 550 375 cnm
570 314 699 391 dixisset,
722 315 897 394 gladiumin
914 317 1064 397 publicum
1080 329 1163 383 trans
1185 331 1214 381 ta

83 397 242 459 maceriam
263 396 345 458 horti
365 394 473 457 abiecit
494 407 538 473 et,
566 417 626 479 qno
649 400 750 463 minus
779 418 827 463 res
848 412 985 483 suspecta
1008 413 1102 477 esset,
1133 424 1164 467 se

84 484 145 564 ipse
168 482 313 543 conuiuio
335 481 470 541 reddidit.

168 567 296 629 Postero
318 565 366 627 die
388 575 510 628 senatus
526 568 667 647 frequens
689 568 774 631 datus
795 568 963 633 Hannibali.
1000 572 1051 634 ubi
1067 572 1162 653 prima
1180 580 1216 637 10

49 662 64 709 a
83 654 147 715 eius
162 652 259 713 oratio
273 649 436 731 perblanda
451 670 485 713 ac
500 651 632 731 benigna
646 654 711 729 init,
727 672 785 733 qna
801 655 908 734 gratias
923 656 983 735 egit
998 658 1164 739 Campanis,

84 737 163 817 quod
179 737 339 798 amicitiam
354 753 436 798 snam
452 736 603 799 Romanae
619 738 752 801 societati
768 741 1018 820 praeposuissent,
1043 753 1072 804 et
1086 744 1166 805 inter
1187 754 1202 803 t

83 830 183 885 cetera
210 822 367 903 magnilica
395 822 540 901 promissa
567 822 717 902 pollicitus
743 824 828 886 breui
851 834 939 906 caput
960 826 1058 889 ltaliae
1082 830 1163 891 omni

82 909 216 987 Capuam
230 909 295 969 lore
310 908 434 985 iuraque
455 906 525 969 inde
540 926 608 969 cnm
632 909 739 971 ceteris
761 910 879 990 populis
894 910 1061 974 Romanum
1077 913 1163 975 etiam

81 994 257 1073 petiturum.
293 1009 387 1054 unum
410 1011 475 1054 esse
497 1002 643 1055 exsortem
666 993 797 1056 Punicae
812 995 956 1057 amicitiae
978 998 1165 1078 foederisque
1187 1008 1202 1059 3

37 1084 62 1135 tt
80 1096 185 1139 secum
207 1077 293 1151 lacti,
319 1094 407 1155 quem
430 1094 529 1157 neque
550 1097 616 1141 esse
638 1078 820 1158 Campanum
843 1098 941 1161 neque
964 1081 1022 1143 dici
1044 1082 1163 1159 debere,

81 1163 213 1241 blaginm
228 1162 367 1235 llecinm;
391 1179 458 1223 enm
478 1163 639 1241 postulare,
654 1172 689 1226 nt
703 1165 760 1227 sibi
775 1164 898 1227 dedatur
912 1185 947 1228 ac
961 1186 993 1229 se
1008 1178 1164 1249 praesente

81 1250 119 1331 de
134 1267 172 1309 eo
194 1248 343 1308 referatur
358 1254 538 1327 senatusque
559 1250 730 1311 consultum
746 1250 805 1311 liat.
844 1268 948 1313 omnes
963 1252 994 1312 in
1018 1270 1081 1314 earn
1097 1272 1165 1315 sen·
1186 1263 1202 1313 4

81 1333 209 1394 tentiam
237 1332 352 1405 ierunt,
382 1349 560 1412 quamquam
590 1352 714 1413 magnae
741 1336 817 1414 parti
843 1344 873 1397 et
900 1336 947 1397 uir
969 1336 1109 1415 indignus
1130 1356 1164 1399 ea

82 1417 251 1479 calamitate
272 1426 302 1478 et
322 1416 394 1477 baut
414 1434 509 1496 paruo
537 1419 621 1481 initio
650 1420 745 1481 minui
766 1419 923 1481 uidebatur
944 1422 991 1483 ius
1011 1420 1163 1484 libertatis.

36 1506 62 1559 15
82 1520 226 1582 egressus
240 1500 321 1563 curia
336 1502 365 1562 in
382 1502 494 1582 templo
511 1504 736 1583 magistratuum
752 1504 887 1567 consedit
903 1506 1166 1587 conprehendique
1187 1518 1202 1566 5

82 1587 209 1650 Decium
230 1586 360 1664 Magium
389 1595 478 1666 atque
506 1598 575 1649 ante
601 1588 693 1669 pedes
717 1590 889 1651 destitutum
919 1609 1037 1653 causam
1066 1592 1164 1654 dicere

82 1672 180 1735 iussit.
217 1671 269 1750 qni
291 1688 359 1733 cum
381 1680 521 1734 manente
548 1674 657 1735 lerocia
685 1675 775 1735 animi
806 1685 931 1754 negaret
952 1676 1017 1755 lege
1040 1677 1203 1739 loederisd

82 1759 112 1819 id
134 1758 204 1837 cogi
226 1774 325 1838 posse,
347 1763 410 1818 tum
432 1755 557 1819 iniectae
583 1766 712 1834 catenae,
736 1759 862 1838 ducique
885 1768 953 1822 ante
976 1761 1110 1823 lictorem
1132 1762 1163 1822 in

84 1853 181 1905 castra
196 1852 243 1904 est
256 1843 362 1903 iussus.
395 1843 493 1920 quoad
508 1844 604 1923 capite
626 1854 730 1924 aperto
747 1853 792 1907 est
807 1844 922 1919 ductus,
945 1846 1166 1908 contionabun·
1187 1857 1202 1905 t

38 1932 65 1983 tu
82 1930 137 1990 dus
159 1927 285 1989 incessit
298 1926 334 1987 ad
357 1926 565 1989 circumfusam
586 1929 718 2009 undique
738 1930 957 1992 multitudinem
982 1932 1163 1994 uociferans:
1185 1964 1191 1977 ·

81 2006 219 2075 ‘Habetis
241 2010 416 2086 libertatem,
439 2012 590 2093 Campani,
617 2032 706 2093 quam
727 2014 857 2094 petistis3
881 2016 946 2077 loro
969 2016 1165 2090 mediolaco

84 2098 174 2173 clara,
195 2095 370 2160 uidentibus
391 2095 479 2160 nobis
500 2097 573 2160 nulli
589 2098 806 2180 Campanorum
823 2100 972 2163 secundus
994 2101 1114 2164 uinctus
1129 2102 1164 2164 ad

84 2193 213 2245 mortem
235 2182 344 2262 rapior.
381 2182 450 2261 quid
467 2183 628 2246 uiolentius
648 2194 733 2265 capta
749 2185 849 2266 Capua
865 2183 971 2248 deretl
993 2187 1032 2248 ite
1048 2186 1166 2248 obuiam
1186 2196 1202 2247 8

85 2267 257 2342 Hannibali,
280 2277 422 2328 exornate
444 2268 550 2330 urbem
567 2269 705 2348 diemque
729 2270 875 2332 aduentus
896 2271 961 2332 eius
981 2281 1164 2342 consecrate,

39 2357 66 2409 ta
85 2364 118 2414 nt
137 2355 223 2415 hunc
244 2352 428 2432 triumphum
444 2352 480 2414 de
496 2352 562 2414 cine
576 2363 679 2416 uestro
694 2351 851 2434 spectetis?
890 2355 963 2417 baec
983 2356 1166 2418 uociferante
1187 2366 1202 2417 9

86 2456 154 2499 cum
177 2437 293 2499 moueri
315 2437 421 2516 uolgus
442 2437 610 2512 uideretur,
636 2438 813 2501 obuolutum
837 2448 926 2520 caput
947 2449 1001 2514 est,
1023 2441 1165 2520 ociusque

88 2525 150 2604 rapi
165 2532 248 2584 extra
263 2530 381 2601 portam
395 2523 501 2585 iussus.
537 2522 578 2584 ita
592 2523 622 2584 in
639 2533 733 2586 castra
747 2525 934 2604 perducitnr3
958 2525 1165 2606 extemploque

88 2609 236 2688 inpositus
264 2608 296 2668 in
326 2625 433 2668 nauem
462 2617 492 2669 et
513 2607 721 2689 Carthaginem
743 2610 866 2684 missus,
897 2629 934 2671 ue
963 2620 1045 2673 motu
1068 2610 1166 2690 aliquo
1189 2620 1218 2671 to

90 2693 205 2772 Capuae
227 2711 263 2754 ex
278 2691 453 2772 indignitate
467 2693 510 2754 rei
526 2701 593 2755 orto
611 2704 747 2756 senatum
764 2712 883 2774 quoque
899 2696 1064 2775 paeniteret
1077 2696 1165 2758 dediti

44 2785 71 2836 tt
89 2777 233 2858 principis
254 2785 293 2851 et,
315 2777 463 2856 legatione
484 2779 574 2840 missa
595 2780 631 2841 ad
646 2780 842 2859 repetendum
865 2799 941 2857 eum,
964 2788 1015 2842 aut
1030 2782 1165 2861 negando

90 2879 167 2936 rem,
195 2881 285 2942 qnam
305 2863 431 2942 primam
452 2872 605 2943 peterent,
633 2865 805 2926 offendendi
827 2864 883 2926 sibi
906 2867 977 2927 noui
999 2867 1088 2941 socii,
1115 2875 1167 2928 ant

90 2947 246 3009 tribuendo
264 2946 421 3009 habendus
434 2947 551 3028 Capuae
566 2957 644 3011 esset
658 2950 812 3011 seditionis
835 2967 868 3011 ae
883 2949 1037 3012 turbarum
1053 2958 1165 3013 auctor.

92 3049 198 3093 nauem
217 3033 348 3114 Cyrenas
370 3032 474 3093 detulit
495 3041 663 3114 tempestas,
687 3052 762 3113 quae
785 3043 848 3095 tum
870 3035 900 3096 in
924 3035 1040 3097 dicione
1063 3054 1166 3114 regum
1189 3043 1217 3094 11

93 3126 186 3178 erant.
221 3117 263 3179 ibi
285 3135 353 3180 cum
368 3117 482 3196 Magius
504 3118 539 3179 ad
557 3128 682 3181 statuam
697 3118 859 3181 Ptolomaei
874 3121 952 3201 regis
974 3121 1165 3199 confugisset,

177 3268 193 3318 1
209 3266 279 3320 boati
295 3267 343 3334 ΡΙΙ
362 3269 379 3320 d
396 3283 500 3320 romane
518 3270 543 3320 P
557 3267 607 3336 111
623 3269 674 3322 del.
695 3269 924 3389 111111111Ἃῖ
944 3269 1073 3336 pollicitus
1091 3267 1166 3338 (est)

97 3333 245 3400 n'etamt,
265 3335 313 3386 aed
329 3334 401 3396 conf.
421 3335 582 3401 Wesenberg
602 3335 737 3399 lidalertli
753 3337 792 3389 IX
801 3339 834 3392 81
854 3337 864 3406 ΙΙ
900 3337 954 3390 rebi
972 3339 1016 3403 Pl
1036 3340 1052 3390 9
1070 3337 1167 3403 peritu-

95 3415 150 3451 rarn
166 3401 207 3470 ΡΙ
218 3408 346 3456 exsortem
364 3419 400 3454 aa
421 3407 534 3456 exortem
552 3402 810 3473 ΡΙ13<1111>11
830 3405 968 3473 1111111111
985 3407 1015 3458 ib
1033 3419 1073 3456 ma
1093 3405 1166 3456 'stra-

97 3474 149 3520 tnn
164 3471 206 3536 ΡΙ
219 3473 248 3523 11
267 3471 365 3523 torneie
384 3471 430 3536 Ρ,
448 3487 519 3524 corr.
536 3471 591 3540 ΡΙ
607 3474 637 3525 ta
655 3473 677 3524 it
694 3472 737 3540 ΡΙΙ
749 3477 855 3526 cataene
874 3473 942 3541 Pila
962 3473 1051 3525 lictore
1091 3469 1166 3538 11111

97 3537 132 3588 ²4
147 3544 249 3590 exornat
266 3539 307 3601 Ρ,
325 3554 397 3591 corr.
409 3539 444 3591 Ρ
455 3539 465 3607 fl
478 3539 590 3592 aduentu
609 3540 664 3592 eins
682 3541 837 3608 colsecratae
851 3541 893 3608 ΡΙΙ
906 3544 938 3594 15
957 3541 1110 3594 uociferanti
1129 3545 1148 3605 ς

98 3606 132 3655 211
152 3604 298 3672 indignitate
320 3623 356 3658 ae
377 3607 502 3674 dignitate
519 3608 552 3658 Ρ
570 3607 580 3674 Ι
597 3609 630 3661 30
654 3614 700 3660 aut
721 3609 815 3660 Diales·
843 3623 875 3660 ne
899 3613 943 3661 aut
966 3615 986 3673 ς
1015 3613 1103 3662 uamut
1120 3609 1166 3671 ΡΙ

99 3673 130 3724 at
149 3673 249 3738 prinam
267 3673 350 3728 Grec.
376 3675 485 3741 primum
503 3676 551 3743 ΡΙ
570 3675 633 3728 socii
651 3675 685 3726 Ρ
711 3677 765 3728 soci
783 3677 815 3729 P¹
831 3677 887 3743 1133
905 3691 970 3730 nane
991 3691 1101 3744 gyrenas
1119 3674 1167 3740 ΡΙΙ

99 3737 192 3792 dednlit
208 3743 252 3806 Ρ,
274 3743 399 3796 corr-,1²¹
418 3744 429 3813 Ι
450 3759 538 3810 regum
560 3741 702 3813 (aegypti)
719 3743 828 3810 Lipsius
863 3745 967 3812 aegypti
984 3747 1045 3808 (om.
1068 3745 1167 3809 regum)

100 3805 273 3879 tinnulas
290 3819 346 3865 erat
363 3811 406 3878 ΡΙ
419 3812 542 3880 ptolomei
560 3811 603 3877 Pl
615 3812 683 3878 regis
701 3810 736 3863 Ρ
761 3812 832 3877 regio
850 3813 882 3864 Ρ
